3025 4892
465 316 640 384 159ss

1447 333 1515 382 Τ.
1566 335 1754 384 mvn

874 486 979 542 26.
1021 477 1167 541 Non
1208 477 1383 559 longo
1422 488 1559 561 post
1595 489 1882 563 tempore,
1912 478 2117 541 Poenis
2148 476 2348 540 adhuc
2383 477 2692 538 stationem

465 577 637 645 Polyb.
649 582 771 631 μευ.
794 576 873 638 ad
916 576 1225 659 Halycum
1266 597 1498 638 amnem
1529 578 1902 649 habentibus,
1935 578 2003 637 L.
2028 577 2244 638 Junius
2263 575 2492 646 consul,
2522 574 2698 635 rebus

465 1567 643 1634 Polyb.

791 693 1041 757 quarum
1081 676 1272 755 gratia
1312 674 1622 756 Syracusis
1643 676 1981 736 substiterat
2004 674 2301 756 perfectis,
2328 680 2539 754 praeter
2565 670 2695 730 Pa-

790 772 1047 855 chynum
1088 774 1545 854 promontorium
1585 772 1723 833 vela
1764 771 2094 854 Lilyhoeum
2135 789 2335 833 versus
2372 769 2617 840 faciens,
2658 787 2698 826 a

790 871 1256 951 speculatoribus
1297 870 1680 931 Carthalonis
1715 880 2064 954 conspectus
2097 879 2206 931 est.
2291 865 2602 936 Carthalo,
2633 885 2699 925 re

794 971 1086 1042 nuntiata,
1110 978 1335 1050 quanta
1365 977 1559 1050 potest
1580 968 1886 1030 celeritate
1909 969 2148 1029 obviam
2170 964 2398 1027 consuli
2435 962 2700 1046 proficis-

792 1067 966 1139 citur,
994 1067 1195 1146 ignaro
1220 1087 1420 1127 eorum
1445 1087 1581 1147 quae
1602 1066 1681 1127 ad
1710 1065 2092 1126 Phintiadem
2118 1073 2285 1143 gesta
2307 1071 2534 1122 essent:
2576 1079 2701 1141 quo

794 1162 1125 1242 longioeime
1164 1184 1205 1224 a
1238 1154 1592 1245 quaestorum
1632 1163 1820 1224 classe
1856 1184 1992 1225 cum
2018 1162 2125 1222 isso
2146 1161 2476 1229 dimicaret,
2504 1177 2700 1238 neque

782 1260 984 1338 juvari
1024 1261 1129 1322 ille
1167 1261 1343 1322 facile
1384 1282 1423 1322 a
1460 1264 1582 1321 suis
1607 1271 1816 1344 posset.
1901 1259 2125 1320 Consul
2151 1259 2377 1319 eminus
2399 1257 2528 1316 visa
2555 1254 2701 1315 Poe-

793 1377 999 1419 norum
1023 1358 1233 1431 classe,
1259 1380 1397 1419 cum
1421 1377 1612 1439 neque
1635 1356 1948 1438 confligere
1968 1355 2233 1427 auderet,
2255 1375 2444 1435 neque
2469 1351 2702 1412 hostem

791 1455 1102 1518 instantem
1143 1456 1400 1537 effugere
1439 1465 1656 1537 posset,
1672 1460 1860 1536 juxta
1887 1455 2272 1516 camarinam
2297 1453 2356 1512 in
2382 1451 2580 1512 locum
2607 1469 2704 1510 as·

791 1569 994 1635 perum
1035 1562 1098 1614 et
1138 1555 1558 1635 importuosum
1599 1573 1783 1614 naves
1828 1551 2049 1632 adigit3
2108 1558 2327 1611 metum
2373 1549 2529 1608 hunc
2569 1547 2703 1608 vin-

789 1661 960 1711 cente
1002 1651 1121 1712 alio
1155 1655 1377 1732 maJore
1418 1661 1603 1724 metu,
1648 1672 1721 1712 ne
1760 1651 1930 1711 aliter
1965 1651 2267 1711 universus
2305 1645 2602 1706 exercitus
2643 1645 2705 1703 in

790 1757 1139 1831 potestatem
1182 1750 1438 1811 hostium
1481 1750 1802 1811 deveniret.
1886 1746 2176 1809 Carthalo
2217 1744 2424 1805 eadem
2451 1741 2589 1803 ioca
2617 1742 2707 1802 in-

788 1855 943 1906 trare
968 1867 1085 1908 non
1114 1867 1310 1919 ausus,
1333 1847 1410 1907 ad
1437 1833 1897 1929 promontorium
1924 1843 2226 1927 quoddam
2242 1839 2481 1902 stationi
2501 1838 2707 1900 locum

787 1943 973 2025 capit,
1000 1944 1087 2005 ita
1125 1946 1326 2016 situm,
1353 1954 1422 2005 ut
1460 1943 1599 2004 inde
1625 1946 1846 2025 pariter
1867 1944 1929 2003 in
1955 1951 2265 2021 utramque
2291 1938 2709 1998 Romanorum

788 2039 1039 2101 clasaem
1065 2043 1325 2102 intentus
1346 2062 1472 2102 esse
1500 2049 1720 2122 posset.

870 2144 974 2202 27.
1018 2137 1241 2218 Neque
1281 2138 1469 2200 multo
1509 2147 1666 2220 post,
1691 2138 1882 2199 ventis
1919 2135 2207 2198 violenter
2237 2135 2540 2207 flantibus,
2567 2155 2712 2197 cum

792 2234 1045 2314 ingentis
1082 2238 1450 2318 tempestatis
1486 2238 1657 2316 sigua
1688 2233 2261 2314 Carthaginiensium
2287 2235 2718 2313 gubernatores

791 2351 983 2392 nerum
1024 2332 1264 2394 istarum
1307 2335 1479 2416 periti
1524 2333 1828 2403 vidissent,
1877 2329 2227 2392 Carthaloni
2273 2340 2716 2411 persuaserunt,

793 2429 881 2490 uti
928 2430 1139 2492 relicta
1186 2449 1366 2511 quam
1408 2439 1658 2512 ceperat
1705 2430 1959 2490 statione
2010 2430 2370 2510 Pachynum
2421 2426 2716 2489 flecteret.

670 2515 689 2523 ”
738 2523 763 2550 ’
794 2525 897 2587 Ita
935 2548 1046 2588 nec
1069 2529 1195 2588 sine
1219 2548 1434 2607 magno
1461 2526 1663 2588 labore
1689 2527 1812 2588 vim
1844 2528 2208 2607 tempestatis
2233 2525 2477 2585 Punica
2502 2524 2722 2586 classis

789 2624 1016 2704 effugit.
1099 2629 1197 2686 At
1238 2625 1647 2686 Romanorum
1689 2611 1937 2704 utraque
1978 2623 2181 2684 classis
2205 2624 2356 2683 inter
2385 2639 2543 2682 saxa
2566 2643 2719 2684 cau-

497 2722 622 2773 Oro·
659 2738 734 2776 xv.
789 2727 994 2800 tesque
1034 2721 1398 2804 deprehensa
1440 2722 1706 2782 funditus
1729 2722 1971 2792 interiit,
1998 2722 2085 2780 uti
2114 2739 2188 2779 ne
2213 2718 2422 2780 tabula
2457 2719 2721 2799 quidem

466 3418 602 3469 Eutr.
622 3419 660 3470 1.
681 3432 748 3468 n.

468 3599 582 3652 Liv.
606 3600 741 3667 Epit.

461 3682 641 3799 {olyb-

790 2816 917 2877 ulla
938 2818 1123 2879 ullius
1147 2837 1285 2879 usus
1308 2839 1384 2880 ex
1410 2819 1723 2898 naufragio
1747 2817 1978 2898 reliqua
2001 2817 2180 2877 fuisse
2205 2815 2517 2884 credatur:
2562 2816 2722 2878 dua-

790 2914 905 2972 bus
942 2916 1209 2996 enceptis
1248 2917 1518 2989 navibus,
1561 2918 1775 2997 quibus
1818 2923 2024 2997 postea
2066 2913 2295 2986 consui,
2332 2913 2598 2994 reliquos
2639 2935 2724 2975 ex

790 3028 865 3068 ea
914 3008 1089 3070 clade
1140 3011 1359 3071 milites
1407 3014 1770 3094 remigesque
1826 3032 2026 3074 secum
2075 3011 2318 3083 ducens,
2371 3009 2726 3091 Lilyboeum

791 3107 1077 3186 pervenit.
1165 3106 1312 3169 Hoc
1352 3109 1663 3190 naufragio
1687 3130 1869 3170 naves
1895 3129 2032 3190 quae
2057 3127 2350 3169 annonam
2391 3107 2732 3188 portabant

790 3222 1019 3277 omnes,
1046 3204 1253 3285 longas
1280 3219 1465 3288 supra
1492 3216 1733 3268 centum
1773 3208 2013 3290 periisse
2045 3205 2367 3267 traditum:
2413 3205 2733 3265 exercitus

790 3308 989 3362 tamen
1016 3313 1249 3365 servata
1273 3319 1410 3384 pars
1434 3313 1545 3374 est,
1577 3304 1776 3365 multis
1799 3306 1860 3364 in
1885 3305 2083 3365 vicina
2103 3303 2309 3364 littora
2334 3299 2733 3362 enatantibus

791 3398 1096 3477 ejectisve.

876 3501 980 3557 28.
1021 3495 1118 3557 At
1157 3508 1415 3570 senatus,
1442 3500 1548 3580 qui
1587 3499 1769 3580 paulo
1811 3508 1950 3559 ante
1981 3497 2068 3559 P.
2099 3494 2382 3557 Clodium
2404 3493 2734 3555 consulem

793 3592 874 3652 oh
910 3611 1035 3653 rem
1072 3595 1231 3655 male
1268 3605 1496 3675 gestam
1533 3613 1615 3656 ex
1649 3591 1859 3656 Sicilia
1883 3601 2287 3663 revocaverat,
2313 3607 2450 3653 cum
2477 3591 2739 3674 insuper

794 3690 975 3751 tristis
1011 3690 1089 3784 de
1121 3691 1385 3753 Junim
1422 3693 1598 3754 clade
1632 3695 1873 3754 nuntius
1897 3691 2251 3761 advenisset,
2279 3690 2338 3748 in
2361 3688 2558 3749 classe
2590 3690 2739 3768 qui-

792 3786 932 3848 dem
979 3803 1144 3871 spem
1195 3791 1413 3851 habere
1463 3791 1680 3852 desiit.
1731 3797 1993 3853 ceterum
2045 3787 2124 3849 ad
2177 3785 2401 3847 beilum
2451 3787 2744 3847 terrestri

796 3883 997 3946 Marte
1038 3887 1508 3968 prosequendum
1558 3890 1817 3947 animum
1861 3886 2286 3966 consiliumque
2323 3891 2572 3942 meme
2619 3882 2740 3944 ad-

790 3981 988 4042 vertit.
1100 3984 1185 4044 Et
1236 3983 1489 4065 myboei
1537 3984 1780 4064 quidem
1832 3982 2196 4043 obsidionem
2249 3979 2402 4040 solvi
2454 3999 2584 4038 non
2643 3990 2747 4041 eat

792 4079 1018 4140 visum:
1061 4081 1167 4141 sed
1204 4081 1415 4143 datum
1456 4081 1685 4142 idoneis
1707 4080 2046 4140 hominibus
2071 4078 2390 4158 negotium,
2415 4084 2491 4136 ut
2514 4095 2749 4139 ueces-

791 4176 946 4236 ιιι-ἦα
988 4178 1273 4240 exercitui
1307 4181 1475 4258 justo
1512 4188 1775 4260 tempore
1812 4177 2289 4238 subveherentur.
2390 4172 2596 4253 Spem
2623 4174 2749 4236 ·fa·

793 4273 1014 4344 ciebat,
1061 4274 1219 4352 quod
1273 4277 1357 4334 uti
1406 4276 1550 4335 mari
1603 4274 1848 4344 PoenuS,
1895 4275 1978 4334 ita
2018 4273 2331 4334 Romanus
2373 4279 2540 4330 terra
2591 4272 2752 4352 plus
