<?xml version="1.0" encoding="UTF-8"?>
<!DOCTYPE html PUBLIC "-//W3C//DTD XHTML 1.0 Transitional//EN"
    "http://www.w3.org/TR/xhtml1/DTD/xhtml1-transitional.dtd">
<html xmlns="http://www.w3.org/1999/xhtml" xml:lang="en" lang="en">
 <head>
  <title>
</title>
<meta http-equiv="Content-Type" content="text/html;charset=utf-8" />
  <meta name='ocr-system' content='tesseract 3.04.00' />
  <meta name='ocr-capabilities' content='ocr_page ocr_carea ocr_par ocr_line ocrx_word'/>
</head>
<body>
  <div class='ocr_page' id='page_1' title='image "./tliviipatavinih04unkngoog_0078.png"; bbox 0 0 3025 4892; ppageno 0'>
   <div class='ocr_carea' id='block_1_1' title="bbox 500 309 1762 377">
    <p class='ocr_par' dir='ltr' id='par_1_1' title="bbox 500 309 1762 377">
     <span class='ocr_line' id='line_1_1' title="bbox 500 309 1762 377; baseline -0.002 0"><span class='ocrx_word' id='word_1_1' title='bbox 500 309 672 377; x_wconf 77' lang='lat'>1458</span> <span class='ocrx_word' id='word_1_2' title='bbox 1459 325 1528 375; x_wconf 78' lang='grc' dir='ltr'><strong>τ.</strong></span> <span class='ocrx_word' id='word_1_3' title='bbox 1579 324 1762 374; x_wconf 77' lang='lat' dir='ltr'><strong>mvn</strong></span> 
     </span>
    </p>
   </div>
   <div class='ocr_carea' id='block_1_2' title="bbox 483 467 2718 4222">
    <p class='ocr_par' dir='ltr' id='par_1_2' title="bbox 750 467 2718 726">
     <span class='ocr_line' id='line_1_2' title="bbox 824 467 2718 552; baseline -0.001 -20"><span class='ocrx_word' id='word_1_4' title='bbox 824 480 949 532; x_wconf 87' lang='lat' dir='ltr'><strong>tos:</strong></span> <span class='ocrx_word' id='word_1_5' title='bbox 992 491 1181 552; x_wconf 89' lang='lat' dir='ltr'><strong>neque</strong></span> <span class='ocrx_word' id='word_1_6' title='bbox 1205 471 1359 530; x_wconf 89' lang='lat' dir='ltr'><strong>enim</strong></span> <span class='ocrx_word' id='word_1_7' title='bbox 1398 468 1703 530; x_wconf 89' lang='lat' dir='ltr'><strong>consilium</strong></span> <span class='ocrx_word' id='word_1_8' title='bbox 1747 467 1898 529; x_wconf 87' lang='lat' dir='ltr'><strong>istud</strong></span> <span class='ocrx_word' id='word_1_9' title='bbox 1935 484 2329 528; x_wconf 85' lang='lat' dir='ltr'><strong>successurum</strong></span> <span class='ocrx_word' id='word_1_10' title='bbox 2355 486 2515 528; x_wconf 71' lang='lat' dir='ltr'><strong>essex</strong></span> <span class='ocrx_word' id='word_1_11' title='bbox 2557 477 2639 541; x_wconf 90' lang='lat' dir='ltr'><strong>et,</strong></span> <span class='ocrx_word' id='word_1_12' title='bbox 2665 469 2718 530; x_wconf 87' lang='lat' dir='ltr'><strong>si</strong></span> 
     </span>
     <span class='ocr_line' id='line_1_3' title="bbox 825 551 2714 646; baseline -0.002 -17"><span class='ocrx_word' id='word_1_13' title='bbox 825 570 994 629; x_wconf 81' lang='lat' dir='ltr'><strong>vivus</strong></span> <span class='ocrx_word' id='word_1_14' title='bbox 1032 570 1283 629; x_wconf 82' lang='lat' dir='ltr'><strong>venisset</strong></span> <span class='ocrx_word' id='word_1_15' title='bbox 1317 568 1375 626; x_wconf 88' lang='lat' dir='ltr'><strong>in</strong></span> <span class='ocrx_word' id='word_1_16' title='bbox 1417 586 1645 637; x_wconf 90' lang='lat' dir='ltr'><strong>manus,</strong></span> <span class='ocrx_word' id='word_1_17' title='bbox 1688 565 1836 626; x_wconf 80' lang='lat' dir='ltr'><strong>forte</strong></span> <span class='ocrx_word' id='word_1_18' title='bbox 1876 551 2143 644; x_wconf 72' lang='lat' dir='ltr'><strong>g‘raviora</strong></span> <span class='ocrx_word' id='word_1_19' title='bbox 2183 585 2508 646; x_wconf 85' lang='lat' dir='ltr'><strong>passurum,</strong></span> <span class='ocrx_word' id='word_1_20' title='bbox 2535 585 2714 646; x_wconf 83' lang='lat' dir='ltr'><strong>quam</strong></span> 
     </span>
     <span class='ocr_line' id='line_1_4' title="bbox 750 665 1140 726; baseline -0.003 0"><span class='ocrx_word' id='word_1_21' title='bbox 750 699 766 713; x_wconf 90' lang='lat'><strong>·</strong></span> <span class='ocrx_word' id='word_1_22' title='bbox 812 665 1140 726; x_wconf 58' lang='lat' dir='ltr'><strong>voluisset)</strong></span> 
     </span>
    </p>

    <p class='ocr_par' dir='ltr' id='par_1_3' title="bbox 492 756 2717 2580">
     <span class='ocr_line' id='line_1_5' title="bbox 900 756 2714 841; baseline -0.002 -20"><span class='ocrx_word' id='word_1_23' title='bbox 900 769 1001 822; x_wconf 79' lang='grc'><strong>38.</strong></span> <span class='ocrx_word' id='word_1_24' title='bbox 1045 761 1416 841; x_wconf 76' lang='lat' dir='ltr'>Responsum</span> <span class='ocrx_word' id='word_1_25' title='bbox 1441 758 1983 820; x_wconf 86' lang='lat' dir='ltr'><strong>aconsulibusest:</strong></span> <span class='ocrx_word' id='word_1_26' title='bbox 2027 767 2044 795; x_wconf 87' lang='lat'>‘</span> <span class='ocrx_word' id='word_1_27' title='bbox 2074 757 2503 818; x_wconf 86' lang='lat' dir='ltr'><strong>searmissatis</strong></span> <span class='ocrx_word' id='word_1_28' title='bbox 2529 756 2714 818; x_wconf 88' lang='lat' dir='ltr'><strong>confi-</strong></span> 
     </span>
     <span class='ocr_line' id='line_1_6' title="bbox 818 852 2713 937; baseline -0.003 -19"><span class='ocrx_word' id='word_1_29' title='bbox 818 857 980 928; x_wconf 88' lang='lat' dir='ltr'><strong>dere,</strong></span> <span class='ocrx_word' id='word_1_30' title='bbox 1023 878 1211 937; x_wconf 90' lang='lat' dir='ltr'><strong>neque</strong></span> <span class='ocrx_word' id='word_1_31' title='bbox 1253 877 1400 937; x_wconf 87' lang='lat' dir='ltr'><strong>opus</strong></span> <span class='ocrx_word' id='word_1_32' title='bbox 1440 856 1656 916; x_wconf 86' lang='lat' dir='ltr'><strong>habere</strong></span> <span class='ocrx_word' id='word_1_33' title='bbox 1698 865 1881 916; x_wconf 79' lang='lat' dir='ltr'><strong>tantae</strong></span> <span class='ocrx_word' id='word_1_34' title='bbox 1909 854 2327 936; x_wconf 69' lang='lat' dir='ltr'><strong>desperationis</strong></span> <span class='ocrx_word' id='word_1_35' title='bbox 2352 852 2609 927; x_wconf 77' lang='lat' dir='ltr'><strong>anxilip:</strong></span> <span class='ocrx_word' id='word_1_36' title='bbox 2651 853 2713 913; x_wconf 90' lang='lat' dir='ltr'><strong>id</strong></span> 
     </span>
     <span class='ocr_line' id='line_1_7' title="bbox 819 940 2712 1034; baseline -0.003 -20"><span class='ocrx_word' id='word_1_37' title='bbox 819 975 939 1034; x_wconf 92' lang='lat' dir='ltr'><strong>quo</strong></span> <span class='ocrx_word' id='word_1_38' title='bbox 978 954 1163 1033; x_wconf 88' lang='lat' dir='ltr'><strong>magis</strong></span> <span class='ocrx_word' id='word_1_39' title='bbox 1204 954 1351 1013; x_wconf 83' lang='lat' dir='ltr'><strong>scire</strong></span> <span class='ocrx_word' id='word_1_40' title='bbox 1395 962 1610 1033; x_wconf 81' lang='lat' dir='ltr'><strong>posset,</strong></span> <span class='ocrx_word' id='word_1_41' title='bbox 1652 953 1946 1033; x_wconf 83' lang='lat' dir='ltr'><strong>optionem</strong></span> <span class='ocrx_word' id='word_1_42' title='bbox 1990 973 2052 1013; x_wconf 90' lang='lat' dir='ltr'><strong>se</strong></span> <span class='ocrx_word' id='word_1_43' title='bbox 2092 951 2256 1022; x_wconf 89' lang='lat' dir='ltr'><strong>dare,</strong></span> <span class='ocrx_word' id='word_1_44' title='bbox 2300 950 2422 1031; x_wconf 85' lang='lat' dir='ltr'><strong>ipse</strong></span> <span class='ocrx_word' id='word_1_45' title='bbox 2473 940 2712 1019; x_wconf 57' lang='lat' dir='ltr'><strong>wansire</strong></span> 
     </span>
     <span class='ocr_line' id='line_1_8' title="bbox 818 1040 2713 1130; baseline -0.003 -20"><span class='ocrx_word' id='word_1_46' title='bbox 818 1050 1079 1120; x_wconf 88' lang='lat' dir='ltr'><strong>flumen,’</strong></span> <span class='ocrx_word' id='word_1_47' title='bbox 1104 1049 1263 1130; x_wconf 91' lang='lat' dir='ltr'><strong>quod</strong></span> <span class='ocrx_word' id='word_1_48' title='bbox 1289 1049 1437 1108; x_wconf 85' lang='lat' dir='ltr'><strong>inter</strong></span> <span class='ocrx_word' id='word_1_49' title='bbox 1460 1050 1751 1109; x_wconf 86' lang='lat' dir='ltr'><strong>exercitus</strong></span> <span class='ocrx_word' id='word_1_50' title='bbox 1791 1049 2045 1109; x_wconf 83' lang='lat' dir='ltr'><strong>medium</strong></span> <span class='ocrx_word' id='word_1_51' title='bbox 2084 1048 2259 1108; x_wconf 84' lang='lat' dir='ltr'><strong>fuisse</strong></span> <span class='ocrx_word' id='word_1_52' title='bbox 2284 1040 2562 1127; x_wconf 79' lang='lat' dir='ltr'><strong>diximus,</strong></span> <span class='ocrx_word' id='word_1_53' title='bbox 2590 1055 2608 1082; x_wconf 80' lang='lat'><strong><em>⁴</em></strong></span> <span class='ocrx_word' id='word_1_54' title='bbox 2637 1065 2713 1106; x_wconf 89' lang='lat' dir='ltr'><strong>an</strong></span> 
     </span>
     <span class='ocr_line' id='line_1_9' title="bbox 818 1140 2714 1227; baseline -0.002 -21"><span class='ocrx_word' id='word_1_55' title='bbox 818 1147 878 1206; x_wconf 90' lang='lat' dir='ltr'><strong>in</strong></span> <span class='ocrx_word' id='word_1_56' title='bbox 903 1166 1011 1206; x_wconf 88' lang='lat' dir='ltr'><strong>sua</strong></span> <span class='ocrx_word' id='word_1_57' title='bbox 1036 1146 1164 1227; x_wconf 88' lang='lat' dir='ltr'><strong>ripa</strong></span> <span class='ocrx_word' id='word_1_58' title='bbox 1190 1144 1496 1211; x_wconf 80' lang='lat' dir='ltr'><strong>Romanos</strong></span> <span class='ocrx_word' id='word_1_59' title='bbox 1519 1154 1832 1226; x_wconf 85' lang='lat' dir='ltr'><strong>expectare</strong></span> <span class='ocrx_word' id='word_1_60' title='bbox 1857 1145 2080 1206; x_wconf 85' lang='lat' dir='ltr'><strong>mallet.</strong></span> <span class='ocrx_word' id='word_1_61' title='bbox 2149 1142 2316 1204; x_wconf 88' lang='lat' dir='ltr'><strong>Nam</strong></span> <span class='ocrx_word' id='word_1_62' title='bbox 2333 1140 2714 1208; x_wconf 81' lang='lat' dir='ltr'><strong>aut&#39;reductis</strong></span> 
     </span>
     <span class='ocr_line' id='line_1_10' title="bbox 816 1241 2714 1324; baseline -0.002 -22"><span class='ocrx_word' id='word_1_63' title='bbox 816 1243 1002 1324; x_wconf 89' lang='lat' dir='ltr'><strong>copiis</strong></span> <span class='ocrx_word' id='word_1_64' title='bbox 1040 1241 1343 1302; x_wconf 77' lang='lat' dir='ltr'><strong>transitum</strong></span> <span class='ocrx_word' id='word_1_65' title='bbox 1385 1242 1507 1320; x_wconf 88' lang='lat' dir='ltr'><strong>regi</strong></span> <span class='ocrx_word' id='word_1_66' title='bbox 1546 1250 1738 1302; x_wconf 85' lang='lat' dir='ltr'><strong>tutum</strong></span> <span class='ocrx_word' id='word_1_67' title='bbox 1780 1242 2080 1302; x_wconf 87' lang='lat' dir='ltr'><strong>relicturos</strong></span> <span class='ocrx_word' id='word_1_68' title='bbox 2112 1261 2257 1311; x_wconf 86' lang='lat' dir='ltr'><strong>esse,</strong></span> <span class='ocrx_word' id='word_1_69' title='bbox 2289 1248 2411 1311; x_wconf 75' lang='lat' dir='ltr'><strong>aut,</strong></span> <span class='ocrx_word' id='word_1_70' title='bbox 2445 1260 2517 1299; x_wconf 89' lang='lat' dir='ltr'><strong>eo</strong></span> <span class='ocrx_word' id='word_1_71' title='bbox 2548 1259 2714 1299; x_wconf 86' lang='lat' dir='ltr'><strong>rece-</strong></span> 
     </span>
     <span class='ocr_line' id='line_1_11' title="bbox 816 1334 2714 1419; baseline -0.002 -20"><span class='ocrx_word' id='word_1_72' title='bbox 816 1339 1015 1409; x_wconf 88' lang='lat' dir='ltr'><strong>dente,</strong></span> <span class='ocrx_word' id='word_1_73' title='bbox 1042 1340 1502 1399; x_wconf 74' lang='lat' dir='ltr'><strong>transmissuros:</strong></span> <span class='ocrx_word' id='word_1_74' title='bbox 1547 1360 1667 1419; x_wconf 92' lang='lat' dir='ltr'><strong>quo</strong></span> <span class='ocrx_word' id='word_1_75' title='bbox 1707 1339 1931 1418; x_wconf 80' lang='lat' dir='ltr'><strong>integro</strong></span> <span class='ocrx_word' id='word_1_76' title='bbox 1972 1340 2179 1401; x_wconf 87' lang='lat' dir='ltr'><strong>robore</strong></span> <span class='ocrx_word' id='word_1_77' title='bbox 2210 1334 2522 1416; x_wconf 72' lang='lat' dir='ltr'><strong>congressi,</strong></span> <span class='ocrx_word' id='word_1_78' title='bbox 2550 1335 2714 1396; x_wconf 90' lang='lat' dir='ltr'><strong>nulla</strong></span> 
     </span>
     <span class='ocr_line' id='line_1_12' title="bbox 819 1433 2711 1516; baseline -0.001 -21"><span class='ocrx_word' id='word_1_79' title='bbox 819 1434 941 1495; x_wconf 83' lang='lat' dir='ltr'><strong>alia</strong></span> <span class='ocrx_word' id='word_1_80' title='bbox 964 1435 1023 1495; x_wconf 90' lang='lat' dir='ltr'><strong>in</strong></span> <span class='ocrx_word' id='word_1_81' title='bbox 1050 1455 1134 1506; x_wconf 92' lang='lat' dir='ltr'><strong>re,</strong></span> <span class='ocrx_word' id='word_1_82' title='bbox 1163 1454 1339 1515; x_wconf 90' lang='lat' dir='ltr'><strong>quam</strong></span> <span class='ocrx_word' id='word_1_83' title='bbox 1365 1435 1482 1494; x_wconf 90' lang='lat' dir='ltr'><strong>suis</strong></span> <span class='ocrx_word' id='word_1_84' title='bbox 1509 1435 1729 1495; x_wconf 81' lang='lat' dir='ltr'><strong>viribus</strong></span> <span class='ocrx_word' id='word_1_85' title='bbox 1770 1436 2096 1516; x_wconf 77' lang='lat' dir='ltr'><strong>animisque</strong></span> <span class='ocrx_word' id='word_1_86' title='bbox 2132 1454 2295 1516; x_wconf 88' lang='lat' dir='ltr'><strong>spem</strong></span> <span class='ocrx_word' id='word_1_87' title='bbox 2337 1433 2598 1494; x_wconf 79' lang='lat' dir='ltr'><strong>victoriae</strong></span> <span class='ocrx_word' id='word_1_88' title='bbox 2623 1453 2711 1493; x_wconf 88' lang='lat' dir='ltr'><strong>re-</strong></span> 
     </span>
     <span class='ocr_line' id='line_1_13' title="bbox 820 1529 2714 1615; baseline -0.002 -23"><span class='ocrx_word' id='word_1_89' title='bbox 820 1532 1076 1612; x_wconf 84' lang='lat' dir='ltr'><strong>posuisse</strong></span> <span class='ocrx_word' id='word_1_90' title='bbox 1101 1531 1538 1593; x_wconf 62' lang='lat' dir='ltr'><strong>demonstrent)</strong></span> <span class='ocrx_word' id='word_1_91' title='bbox 1579 1531 1813 1593; x_wconf 83' lang='lat' dir='ltr'><strong>Puduit</strong></span> <span class='ocrx_word' id='word_1_92' title='bbox 1835 1532 2136 1615; x_wconf 81' lang='lat' dir='ltr'><strong>Pyrrhum</strong></span> <span class='ocrx_word' id='word_1_93' title='bbox 2163 1531 2387 1592; x_wconf 88' lang='lat' dir='ltr'><strong>timoris</strong></span> <span class='ocrx_word' id='word_1_94' title='bbox 2410 1538 2520 1590; x_wconf 90' lang='lat' dir='ltr'><strong>aut</strong></span> <span class='ocrx_word' id='word_1_95' title='bbox 2536 1529 2714 1589; x_wconf 88' lang='lat' dir='ltr'><strong>dubi-</strong></span> 
     </span>
     <span class='ocr_line' id='line_1_14' title="bbox 820 1628 2715 1710; baseline -0.001 -23"><span class='ocrx_word' id='word_1_96' title='bbox 820 1629 1055 1689; x_wconf 87' lang='lat' dir='ltr'><strong>tationis</strong></span> <span class='ocrx_word' id='word_1_97' title='bbox 1103 1631 1330 1708; x_wconf 87' lang='lat' dir='ltr'><strong>signum</strong></span> <span class='ocrx_word' id='word_1_98' title='bbox 1380 1628 1564 1688; x_wconf 89' lang='lat' dir='ltr'><strong>ullum</strong></span> <span class='ocrx_word' id='word_1_99' title='bbox 1615 1629 1824 1690; x_wconf 83' lang='lat' dir='ltr'><strong>edere:</strong></span> <span class='ocrx_word' id='word_1_100' title='bbox 1884 1650 2063 1710; x_wconf 89' lang='lat' dir='ltr'><strong>quare</strong></span> <span class='ocrx_word' id='word_1_101' title='bbox 2113 1628 2427 1710; x_wconf 81' lang='lat' dir='ltr'><strong>posteriore</strong></span> <span class='ocrx_word' id='word_1_102' title='bbox 2468 1636 2715 1708; x_wconf 83' lang='lat' dir='ltr'><strong>accepta</strong></span> 
     </span>
     <span class='ocr_line' id='line_1_15' title="bbox 819 1722 2713 1807; baseline -0.001 -23"><span class='ocrx_word' id='word_1_103' title='bbox 819 1724 1150 1787; x_wconf 90' lang='lat' dir='ltr'><strong>conditione</strong></span> <span class='ocrx_word' id='word_1_104' title='bbox 1191 1724 1524 1785; x_wconf 87' lang='lat' dir='ltr'><strong>transeundi</strong></span> <span class='ocrx_word' id='word_1_105' title='bbox 1566 1724 1818 1786; x_wconf 88' lang='lat' dir='ltr'><strong>fluminis</strong></span> <span class='ocrx_word' id='word_1_106' title='bbox 1858 1735 2204 1807; x_wconf 88' lang='lat' dir='ltr'><strong>potestatem</strong></span> <span class='ocrx_word' id='word_1_107' title='bbox 2251 1724 2511 1784; x_wconf 76' lang='lat' dir='ltr'><strong>hostibus</strong></span> <span class='ocrx_word' id='word_1_108' title='bbox 2549 1722 2713 1783; x_wconf 82' lang='lat' dir='ltr'><strong>fecit.</strong></span> 
     </span>
     <span class='ocr_line' id='line_1_16' title="bbox 822 1820 2712 1903; baseline -0.001 -22"><span class='ocrx_word' id='word_1_109' title='bbox 822 1820 1033 1881; x_wconf 81' lang='lat' dir='ltr'><strong>Levior</strong></span> <span class='ocrx_word' id='word_1_110' title='bbox 1059 1824 1193 1901; x_wconf 88' lang='lat' dir='ltr'><strong>jam</strong></span> <span class='ocrx_word' id='word_1_111' title='bbox 1217 1842 1324 1881; x_wconf 91' lang='lat' dir='ltr'><strong>sua</strong></span> <span class='ocrx_word' id='word_1_112' title='bbox 1346 1832 1551 1903; x_wconf 89' lang='lat' dir='ltr'><strong>sponte</strong></span> <span class='ocrx_word' id='word_1_113' title='bbox 1590 1821 1916 1883; x_wconf 74' lang='lat' dir='ltr'><strong>belluarum</strong></span> <span class='ocrx_word' id='word_1_114' title='bbox 1940 1831 2123 1883; x_wconf 85' lang='lat' dir='ltr'><strong>terror</strong></span> <span class='ocrx_word' id='word_1_115' title='bbox 2144 1829 2292 1892; x_wconf 88' lang='lat' dir='ltr'><strong>erat,</strong></span> <span class='ocrx_word' id='word_1_116' title='bbox 2320 1822 2447 1903; x_wconf 82' lang='lat' dir='ltr'><strong>ipsa</strong></span> <span class='ocrx_word' id='word_1_117' title='bbox 2469 1839 2712 1880; x_wconf 83' lang='lat' dir='ltr'><strong>consue·</strong></span> 
     </span>
     <span class='ocr_line' id='line_1_17' title="bbox 819 1916 2712 1999; baseline 0.001 -23"><span class='ocrx_word' id='word_1_118' title='bbox 819 1916 1020 1977; x_wconf 89' lang='lat' dir='ltr'><strong>tudine</strong></span> <span class='ocrx_word' id='word_1_119' title='bbox 1042 1917 1316 1979; x_wconf 82' lang='lat' dir='ltr'><strong>videndi:</strong></span> <span class='ocrx_word' id='word_1_120' title='bbox 1359 1939 1680 1999; x_wconf 90' lang='lat' dir='ltr'><strong>manusque</strong></span> <span class='ocrx_word' id='word_1_121' title='bbox 1704 1939 1903 1979; x_wconf 89' lang='lat' dir='ltr'><strong>earum</strong></span> <span class='ocrx_word' id='word_1_122' title='bbox 1922 1918 2201 1979; x_wconf 77' lang='lat' dir='ltr'><strong>facillime</strong></span> <span class='ocrx_word' id='word_1_123' title='bbox 2217 1917 2508 1998; x_wconf 80' lang='lat' dir='ltr'><strong>amputari</strong></span> <span class='ocrx_word' id='word_1_124' title='bbox 2517 1934 2712 1997; x_wconf 85' lang='lat' dir='ltr'><strong>posse,</strong></span> 
     </span>
     <span class='ocr_line' id='line_1_18' title="bbox 495 2013 2715 2096; baseline -0.002 -20"><span class='ocrx_word' id='word_1_125' title='bbox 495 2025 607 2076; x_wconf 82' lang='lat' dir='ltr'><strong>Plin</strong></span> <span class='ocrx_word' id='word_1_126' title='bbox 610 2040 744 2073; x_wconf 75' lang='lat'>111111</span> <span class='ocrx_word' id='word_1_127' title='bbox 746 2027 796 2075; x_wconf 82' lang='lat'><strong>¹1.</strong></span> <span class='ocrx_word' id='word_1_128' title='bbox 820 2034 1031 2095; x_wconf 82' lang='lat' dir='ltr'><strong>pugnae</strong></span> <span class='ocrx_word' id='word_1_129' title='bbox 1073 2016 1278 2096; x_wconf 87' lang='lat' dir='ltr'><strong>prioris</strong></span> <span class='ocrx_word' id='word_1_130' title='bbox 1317 2018 1718 2096; x_wconf 84' lang='lat' dir='ltr'><strong>experimento</strong></span> <span class='ocrx_word' id='word_1_131' title='bbox 1758 2016 2087 2087; x_wconf 75' lang='lat' dir='ltr'><strong>constabat,</strong></span> <span class='ocrx_word' id='word_1_132' title='bbox 2128 2035 2248 2096; x_wconf 81' lang='lat' dir='ltr'><strong>qua</strong></span> <span class='ocrx_word' id='word_1_133' title='bbox 2290 2013 2367 2076; x_wconf 86' lang='lat' dir='ltr'><strong>C.</strong></span> <span class='ocrx_word' id='word_1_134' title='bbox 2414 2013 2715 2073; x_wconf 84' lang='lat' dir='ltr'><strong>Minucius</strong></span> 
     </span>
     <span class='ocr_line' id='line_1_19' title="bbox 494 2110 2715 2230; baseline 0 -60"><span class='ocrx_word' id='word_1_135' title='bbox 494 2114 777 2230; x_wconf 44' lang='grc' dir='ltr'><strong>ῧὲὲιένιδί</strong></span> <span class='ocrx_word' id='word_1_136' title='bbox 819 2121 1044 2191; x_wconf 78' lang='lat' dir='ltr'><strong>quartae</strong></span> <span class='ocrx_word' id='word_1_137' title='bbox 1069 2111 1310 2222; x_wconf 77' lang='lat' dir='ltr'><strong>legionis</strong></span> <span class='ocrx_word' id='word_1_138' title='bbox 1334 2114 1554 2222; x_wconf 81' lang='lat' dir='ltr'><strong>primus</strong></span> <span class='ocrx_word' id='word_1_139' title='bbox 1582 2113 1879 2173; x_wconf 88' lang='lat' dir='ltr'><strong>Hastatus</strong></span> <span class='ocrx_word' id='word_1_140' title='bbox 1914 2132 2030 2172; x_wconf 90' lang='lat' dir='ltr'><strong>uno</strong></span> <span class='ocrx_word' id='word_1_141' title='bbox 2061 2111 2244 2191; x_wconf 82' lang='lat' dir='ltr'><strong>gladii</strong></span> <span class='ocrx_word' id='word_1_142' title='bbox 2271 2112 2390 2171; x_wconf 87' lang='lat' dir='ltr'><strong>ictu</strong></span> <span class='ocrx_word' id='word_1_143' title='bbox 2417 2110 2715 2220; x_wconf 39' lang='lat' dir='ltr'><strong>probo-sei·</strong></span> 
     </span>
     <span class='ocr_line' id='line_1_20' title="bbox 720 2205 2716 2289; baseline -0.001 -22"><span class='ocrx_word' id='word_1_144' title='bbox 720 2213 735 2228; x_wconf 83' lang='lat'><em>⁶</em></span> <span class='ocrx_word' id='word_1_145' title='bbox 784 2215 797 2227; x_wconf 88' lang='lat'>&#39;</span> <span class='ocrx_word' id='word_1_146' title='bbox 821 2206 959 2284; x_wconf 87' lang='lat' dir='ltr'><strong>dem</strong></span> <span class='ocrx_word' id='word_1_147' title='bbox 984 2208 1282 2289; x_wconf 76' lang='lat' dir='ltr'><strong>elephanti</strong></span> <span class='ocrx_word' id='word_1_148' title='bbox 1309 2210 1671 2289; x_wconf 70' lang='lat' dir='ltr'><strong>praeciderat.</strong></span> <span class='ocrx_word' id='word_1_149' title='bbox 1741 2208 1863 2270; x_wconf 86' lang='lat' dir='ltr'><strong>Sed</strong></span> <span class='ocrx_word' id='word_1_150' title='bbox 1888 2219 2010 2270; x_wconf 90' lang='lat' dir='ltr'><strong>tum</strong></span> <span class='ocrx_word' id='word_1_151' title='bbox 2036 2208 2156 2269; x_wconf 84' lang='lat' dir='ltr'><strong>aha</strong></span> <span class='ocrx_word' id='word_1_152' title='bbox 2181 2228 2417 2289; x_wconf 90' lang='lat' dir='ltr'><strong>quoque</strong></span> <span class='ocrx_word' id='word_1_153' title='bbox 2443 2205 2716 2288; x_wconf 60' lang='lat' dir='ltr'><strong>praesidia</strong></span> 
     </span>
     <span class='ocr_line' id='line_1_21' title="bbox 527 2302 2714 2387; baseline 0.002 -29"><span class='ocrx_word' id='word_1_154' title='bbox 527 2309 701 2387; x_wconf 69' lang='lat' dir='ltr'><strong>Veget3</strong></span> <span class='ocrx_word' id='word_1_155' title='bbox 733 2308 796 2360; x_wconf 78' lang='lat' dir='ltr'><strong>ds</strong></span> <span class='ocrx_word' id='word_1_156' title='bbox 821 2305 1297 2384; x_wconf 76' lang='lat' dir='ltr'><strong>excogitaverant</strong></span> <span class='ocrx_word' id='word_1_157' title='bbox 1317 2306 1548 2367; x_wconf 83' lang='lat' dir='ltr'><strong>tutioris</strong></span> <span class='ocrx_word' id='word_1_158' title='bbox 1572 2305 1855 2367; x_wconf 84' lang='lat' dir='ltr'><strong>audaciae.</strong></span> <span class='ocrx_word' id='word_1_159' title='bbox 1941 2307 2100 2387; x_wconf 88' lang='lat' dir='ltr'><strong>Equi</strong></span> <span class='ocrx_word' id='word_1_160' title='bbox 2133 2304 2333 2366; x_wconf 79' lang='lat' dir='ltr'><strong>ferreis</strong></span> <span class='ocrx_word' id='word_1_161' title='bbox 2354 2303 2598 2365; x_wconf 89' lang='lat' dir='ltr'><strong>obducti</strong></span> <span class='ocrx_word' id='word_1_162' title='bbox 2626 2302 2714 2363; x_wconf 91' lang='lat' dir='ltr'><strong>la-</strong></span> 
     </span>
     <span class='ocr_line' id='line_1_22' title="bbox 493 2375 2713 2490; baseline 0 -29"><span class='ocrx_word' id='word_1_163' title='bbox 493 2375 742 2490; x_wconf 46' lang='lat' dir='ltr'><strong>ffnffi&#39;lst‘</strong></span> <span class='ocrx_word' id='word_1_164' title='bbox 818 2402 988 2462; x_wconf 87' lang='lat' dir='ltr'><strong>minis</strong></span> <span class='ocrx_word' id='word_1_165' title='bbox 1006 2422 1238 2463; x_wconf 85' lang='lat' dir='ltr'><strong>currum</strong></span> <span class='ocrx_word' id='word_1_166' title='bbox 1265 2403 1596 2475; x_wconf 86' lang='lat' dir='ltr'><strong>trahebant,</strong></span> <span class='ocrx_word' id='word_1_167' title='bbox 1621 2411 1683 2463; x_wconf 92' lang='lat' dir='ltr'><strong>et</strong></span> <span class='ocrx_word' id='word_1_168' title='bbox 1708 2404 1895 2484; x_wconf 90' lang='lat' dir='ltr'><strong>ipsum</strong></span> <span class='ocrx_word' id='word_1_169' title='bbox 1910 2405 2099 2463; x_wconf 87' lang='lat' dir='ltr'><strong>contis</strong></span> <span class='ocrx_word' id='word_1_170' title='bbox 2121 2402 2275 2463; x_wconf 83' lang='lat' dir='ltr'><strong>ferro</strong></span> <span class='ocrx_word' id='word_1_171' title='bbox 2297 2399 2556 2484; x_wconf 77' lang='lat' dir='ltr'><strong>praefixis</strong></span> <span class='ocrx_word' id='word_1_172' title='bbox 2580 2401 2713 2462; x_wconf 75' lang='lat' dir='ltr'><strong>hor-</strong></span> 
     </span>
     <span class='ocr_line' id='line_1_23' title="bbox 492 2496 2717 2580; baseline -0.003 -16"><span class='ocrx_word' id='word_1_173' title='bbox 492 2514 658 2566; x_wconf 72' lang='lat' dir='ltr'><strong>Zonnr.</strong></span> <span class='ocrx_word' id='word_1_174' title='bbox 817 2508 1072 2559; x_wconf 83' lang='lat' dir='ltr'><strong>rentem:</strong></span> <span class='ocrx_word' id='word_1_175' title='bbox 1116 2501 1175 2560; x_wconf 90' lang='lat' dir='ltr'><strong>in</strong></span> <span class='ocrx_word' id='word_1_176' title='bbox 1215 2521 1386 2562; x_wconf 86' lang='lat' dir='ltr'><strong>curru</strong></span> <span class='ocrx_word' id='word_1_177' title='bbox 1428 2510 1598 2561; x_wconf 88' lang='lat' dir='ltr'><strong>erant</strong></span> <span class='ocrx_word' id='word_1_178' title='bbox 1638 2499 1914 2562; x_wconf 85' lang='lat' dir='ltr'><strong>collocati</strong></span> <span class='ocrx_word' id='word_1_179' title='bbox 1937 2498 2171 2571; x_wconf 85' lang='lat' dir='ltr'><strong>milites,</strong></span> <span class='ocrx_word' id='word_1_180' title='bbox 2193 2500 2295 2580; x_wconf 91' lang='lat' dir='ltr'><strong>qui</strong></span> <span class='ocrx_word' id='word_1_181' title='bbox 2319 2496 2549 2559; x_wconf 83' lang='lat' dir='ltr'><strong>belluas</strong></span> <span class='ocrx_word' id='word_1_182' title='bbox 2572 2498 2717 2557; x_wconf 89' lang='lat' dir='ltr'><strong>irru-</strong></span> 
     </span>
    </p>

    <p class='ocr_par' dir='ltr' id='par_1_4' title="bbox 483 2597 2716 4222">
     <span class='ocr_line' id='line_1_24' title="bbox 816 2597 2162 2676; baseline 0.001 -22"><span class='ocrx_word' id='word_1_183' title='bbox 816 2603 979 2655; x_wconf 83' lang='lat' dir='ltr'><strong>entes</strong></span> <span class='ocrx_word' id='word_1_184' title='bbox 1004 2597 1318 2657; x_wconf 83' lang='lat' dir='ltr'><strong>missilibus</strong></span> <span class='ocrx_word' id='word_1_185' title='bbox 1343 2607 1448 2657; x_wconf 90' lang='lat' dir='ltr'><strong>aut</strong></span> <span class='ocrx_word' id='word_1_186' title='bbox 1470 2597 1605 2676; x_wconf 90' lang='lat' dir='ltr'><strong>igne</strong></span> <span class='ocrx_word' id='word_1_187' title='bbox 1620 2598 1792 2676; x_wconf 85' lang='lat' dir='ltr'><strong>jacto</strong></span> <span class='ocrx_word' id='word_1_188' title='bbox 1818 2605 2162 2658; x_wconf 88' lang='lat' dir='ltr'><strong>averterent.</strong></span> 
     </span>
     <span class='ocr_line' id='line_1_25' title="bbox 897 2691 2714 2774; baseline 0 -22"><span class='ocrx_word' id='word_1_189' title='bbox 897 2698 997 2754; x_wconf 78' lang='lat'><strong>39.</strong></span> <span class='ocrx_word' id='word_1_190' title='bbox 1044 2692 1198 2753; x_wconf 89' lang='lat' dir='ltr'><strong>Cum</strong></span> <span class='ocrx_word' id='word_1_191' title='bbox 1241 2693 1352 2753; x_wconf 89' lang='lat' dir='ltr'><strong>hoc</strong></span> <span class='ocrx_word' id='word_1_192' title='bbox 1396 2703 1683 2774; x_wconf 88' lang='lat' dir='ltr'><strong>apparatu</strong></span> <span class='ocrx_word' id='word_1_193' title='bbox 1723 2693 2089 2773; x_wconf 84' lang='lat' dir='ltr'><strong>transgressis</strong></span> <span class='ocrx_word' id='word_1_194' title='bbox 2122 2691 2338 2753; x_wconf 87' lang='lat' dir='ltr'><strong>flumen</strong></span> <span class='ocrx_word' id='word_1_195' title='bbox 2364 2691 2714 2772; x_wconf 81' lang='lat' dir='ltr'><strong>legionibus,</strong></span> 
     </span>
     <span class='ocr_line' id='line_1_26' title="bbox 527 2785 2716 2874; baseline 0.001 -29"><span class='ocrx_word' id='word_1_196' title='bbox 527 2796 773 2874; x_wconf 62' lang='lat' dir='ltr'><strong>Ammisn.</strong></span> <span class='ocrx_word' id='word_1_197' title='bbox 820 2785 1089 2867; x_wconf 81' lang='lat' dir='ltr'><strong>Pyrrhus</strong></span> <span class='ocrx_word' id='word_1_198' title='bbox 1126 2808 1205 2848; x_wconf 85' lang='lat' dir='ltr'><strong>ex</strong></span> <span class='ocrx_word' id='word_1_199' title='bbox 1227 2788 1459 2850; x_wconf 85' lang='lat' dir='ltr'><strong>diverso</strong></span> <span class='ocrx_word' id='word_1_200' title='bbox 1483 2790 1805 2850; x_wconf 85' lang='lat' dir='ltr'><strong>exereitum</strong></span> <span class='ocrx_word' id='word_1_201' title='bbox 1837 2789 2128 2861; x_wconf 78' lang='lat' dir='ltr'><strong>instruxit,</strong></span> <span class='ocrx_word' id='word_1_202' title='bbox 2157 2810 2264 2872; x_wconf 87' lang='lat' dir='ltr'><strong>pro</strong></span> <span class='ocrx_word' id='word_1_203' title='bbox 2287 2810 2417 2861; x_wconf 82' lang='lat' dir='ltr'><strong>usu,</strong></span> <span class='ocrx_word' id='word_1_204' title='bbox 2444 2808 2621 2869; x_wconf 90' lang='lat' dir='ltr'><strong>quem</strong></span> <span class='ocrx_word' id='word_1_205' title='bbox 2647 2786 2716 2848; x_wconf 80' lang='lat' dir='ltr'><strong>iis</strong></span> 
     </span>
     <span class='ocr_line' id='line_1_27' title="bbox 490 2861 2712 2978; baseline 0.002 -39"><span class='ocrx_word' id='word_1_206' title='bbox 490 2861 796 2978; x_wconf 51' lang='grc' dir='ltr'><strong>,31ξὲζωῦ</strong></span> <span class='ocrx_word' id='word_1_207' title='bbox 819 2881 879 2939; x_wconf 84' lang='grc' dir='ltr'><strong>ἱιι</strong></span> <span class='ocrx_word' id='word_1_208' title='bbox 920 2883 1092 2943; x_wconf 81' lang='lat' dir='ltr'><strong>rebus</strong></span> <span class='ocrx_word' id='word_1_209' title='bbox 1130 2885 1476 2958; x_wconf 85' lang='lat' dir='ltr'><strong>maximum,</strong></span> <span class='ocrx_word' id='word_1_210' title='bbox 1500 2905 1637 2946; x_wconf 86' lang='lat' dir='ltr'><strong>eum</strong></span> <span class='ocrx_word' id='word_1_211' title='bbox 1660 2886 1939 2964; x_wconf 80' lang='lat' dir='ltr'><strong>singulari</strong></span> <span class='ocrx_word' id='word_1_212' title='bbox 1963 2886 2221 2967; x_wconf 85' lang='lat' dir='ltr'><strong>quadam</strong></span> <span class='ocrx_word' id='word_1_213' title='bbox 2246 2885 2461 2965; x_wconf 87' lang='lat' dir='ltr'><strong>ingenii</strong></span> <span class='ocrx_word' id='word_1_214' title='bbox 2484 2880 2712 2964; x_wconf 74' lang='lat' dir='ltr'><strong>sagaci-</strong></span> 
     </span>
     <span class='ocr_line' id='line_1_28' title="bbox 519 2981 2712 3065; baseline 0.002 -27"><span class='ocrx_word' id='word_1_215' title='bbox 519 2990 796 3042; x_wconf 70' lang='lat' dir='ltr'><strong>Limxxv.</strong></span> <span class='ocrx_word' id='word_1_216' title='bbox 818 2984 963 3048; x_wconf 89' lang='lat' dir='ltr'><strong>tate,</strong></span> <span class='ocrx_word' id='word_1_217' title='bbox 1005 3000 1181 3061; x_wconf 87' lang='lat' dir='ltr'><strong>supra</strong></span> <span class='ocrx_word' id='word_1_218' title='bbox 1224 2990 1447 3041; x_wconf 86' lang='lat' dir='ltr'><strong>ceteros</strong></span> <span class='ocrx_word' id='word_1_219' title='bbox 1485 2985 1616 3062; x_wconf 87' lang='lat' dir='ltr'><strong>ejus</strong></span> <span class='ocrx_word' id='word_1_220' title='bbox 1666 2983 1856 3043; x_wconf 82' lang='lat' dir='ltr'><strong>aetatis</strong></span> <span class='ocrx_word' id='word_1_221' title='bbox 1904 2983 2278 3065; x_wconf 86' lang='lat' dir='ltr'><strong>imperatores</strong></span> <span class='ocrx_word' id='word_1_222' title='bbox 2324 2981 2712 3043; x_wconf 84' lang='lat' dir='ltr'><strong>excellentem</strong></span> 
     </span>
     <span class='ocr_line' id='line_1_29' title="bbox 497 3058 2713 3159; baseline 0.002 -27"><span class='ocrx_word' id='word_1_223' title='bbox 497 3058 579 3104; x_wconf 72' lang='lat'><strong>¹⁴⁹</strong></span> <span class='ocrx_word' id='word_1_224' title='bbox 819 3071 1035 3134; x_wconf 87' lang='lat' dir='ltr'><strong>habere</strong></span> <span class='ocrx_word' id='word_1_225' title='bbox 1081 3076 1449 3137; x_wconf 86' lang='lat' dir='ltr'><strong>credebatur.</strong></span> <span class='ocrx_word' id='word_1_226' title='bbox 1534 3077 1970 3139; x_wconf 80' lang='lat' dir='ltr'><strong>Animadverso</strong></span> <span class='ocrx_word' id='word_1_227' title='bbox 2018 3080 2193 3159; x_wconf 87' lang='lat' dir='ltr'><strong>igitur</strong></span> <span class='ocrx_word' id='word_1_228' title='bbox 2230 3079 2345 3140; x_wconf 90' lang='lat' dir='ltr'><strong>loci</strong></span> <span class='ocrx_word' id='word_1_229' title='bbox 2385 3079 2582 3159; x_wconf 86' lang='lat' dir='ltr'><strong>genio,</strong></span> <span class='ocrx_word' id='word_1_230' title='bbox 2609 3079 2713 3158; x_wconf 90' lang='lat' dir='ltr'><strong>qui</strong></span> 
     </span>
     <span class='ocr_line' id='line_1_30' title="bbox 490 3169 2712 3288; baseline 0.007 -69"><span class='ocrx_word' id='word_1_231' title='bbox 490 3169 658 3286; x_wconf 52' lang='grc' dir='ltr'><strong>ΡΡιιιὶ.</strong></span> <span class='ocrx_word' id='word_1_232' title='bbox 698 3172 781 3288; x_wconf 53' lang='lat' dir='ltr'><strong>ipe</strong></span> <span class='ocrx_word' id='word_1_233' title='bbox 822 3181 1057 3251; x_wconf 87' lang='lat' dir='ltr'><strong>propter</strong></span> <span class='ocrx_word' id='word_1_234' title='bbox 1081 3173 1450 3254; x_wconf 85' lang='lat' dir='ltr'><strong>asperitatem</strong></span> <span class='ocrx_word' id='word_1_235' title='bbox 1475 3170 1585 3235; x_wconf 83' lang='lat' dir='ltr'><strong>soli</strong></span> <span class='ocrx_word' id='word_1_236' title='bbox 1613 3185 1674 3234; x_wconf 88' lang='lat' dir='ltr'><strong>et</strong></span> <span class='ocrx_word' id='word_1_237' title='bbox 1710 3184 1887 3236; x_wconf 82' lang='lat' dir='ltr'><strong>enata</strong></span> <span class='ocrx_word' id='word_1_238' title='bbox 1927 3177 2143 3256; x_wconf 60' lang='lat' dir='ltr'><strong>pasdm</strong></span> <span class='ocrx_word' id='word_1_239' title='bbox 2174 3175 2427 3254; x_wconf 79' lang='lat' dir='ltr'><strong>virgulta</strong></span> <span class='ocrx_word' id='word_1_240' title='bbox 2457 3194 2574 3236; x_wconf 92' lang='lat' dir='ltr'><strong>non</strong></span> <span class='ocrx_word' id='word_1_241' title='bbox 2601 3175 2712 3234; x_wconf 84' lang='lat' dir='ltr'><strong>nisi</strong></span> 
     </span>
     <span class='ocr_line' id='line_1_31' title="bbox 532 3250 2711 3352; baseline 0.003 -26"><span class='ocrx_word' id='word_1_242' title='bbox 532 3250 619 3300; x_wconf 50' lang='grc' dir='ltr'><strong>’τ’</strong></span> <span class='ocrx_word' id='word_1_243' title='bbox 654 3252 702 3293; x_wconf 83' lang='lat'><strong>⁰⁹</strong></span> <span class='ocrx_word' id='word_1_244' title='bbox 782 3270 799 3288; x_wconf 79' lang='lat'>‘</span> <span class='ocrx_word' id='word_1_245' title='bbox 822 3265 1149 3346; x_wconf 87' lang='lat' dir='ltr'><strong>pedestrem</strong></span> <span class='ocrx_word' id='word_1_246' title='bbox 1174 3269 1359 3330; x_wconf 88' lang='lat' dir='ltr'><strong>aciem</strong></span> <span class='ocrx_word' id='word_1_247' title='bbox 1385 3279 1702 3351; x_wconf 85' lang='lat' dir='ltr'><strong>pateretur,</strong></span> <span class='ocrx_word' id='word_1_248' title='bbox 1729 3272 2058 3352; x_wconf 85' lang='lat' dir='ltr'><strong>equitatum</strong></span> <span class='ocrx_word' id='word_1_249' title='bbox 2075 3272 2532 3352; x_wconf 84' lang='lat' dir='ltr'><strong>elephantosque</strong></span> <span class='ocrx_word' id='word_1_250' title='bbox 2547 3270 2711 3332; x_wconf 88' lang='lat' dir='ltr'><strong>loca·</strong></span> 
     </span>
     <span class='ocr_line' id='line_1_32' title="bbox 522 3361 2710 3429; baseline 0.007 -17"><span class='ocrx_word' id='word_1_251' title='bbox 522 3363 688 3414; x_wconf 72' lang='lat' dir='ltr'><strong>Front.</strong></span> <span class='ocrx_word' id='word_1_252' title='bbox 820 3361 907 3421; x_wconf 82' lang='lat' dir='ltr'><strong>vit</strong></span> <span class='ocrx_word' id='word_1_253' title='bbox 931 3364 990 3423; x_wconf 92' lang='lat' dir='ltr'><strong>in</strong></span> <span class='ocrx_word' id='word_1_254' title='bbox 1015 3364 1318 3426; x_wconf 87' lang='lat' dir='ltr'><strong>subsidiis:</strong></span> <span class='ocrx_word' id='word_1_255' title='bbox 1360 3366 1634 3427; x_wconf 85' lang='lat' dir='ltr'><strong>dextrum</strong></span> <span class='ocrx_word' id='word_1_256' title='bbox 1675 3387 1854 3429; x_wconf 90' lang='lat' dir='ltr'><strong>cornu</strong></span> <span class='ocrx_word' id='word_1_257' title='bbox 1895 3369 2012 3429; x_wconf 89' lang='lat' dir='ltr'><strong>suis</strong></span> <span class='ocrx_word' id='word_1_258' title='bbox 2053 3368 2333 3428; x_wconf 83' lang='lat' dir='ltr'><strong>militibus</strong></span> <span class='ocrx_word' id='word_1_259' title='bbox 2374 3378 2436 3428; x_wconf 91' lang='lat' dir='ltr'><strong>et</strong></span> <span class='ocrx_word' id='word_1_260' title='bbox 2476 3364 2710 3428; x_wconf 86' lang='lat' dir='ltr'><strong>Samni-</strong></span> 
     </span>
     <span class='ocr_line' id='line_1_33' title="bbox 483 3426 2708 3547; baseline 0.003 -29"><span class='ocrx_word' id='word_1_261' title='bbox 483 3426 631 3479; x_wconf 51' lang='lat'>⁸¹²⁸⁸</span> <span class='ocrx_word' id='word_1_262' title='bbox 663 3446 722 3479; x_wconf 82' lang='lat'><strong>¹¹·</strong></span> <span class='ocrx_word' id='word_1_263' title='bbox 744 3434 796 3482; x_wconf 77' lang='lat'><strong>⁸‘</strong></span> <span class='ocrx_word' id='word_1_264' title='bbox 819 3458 962 3518; x_wconf 88' lang='lat' dir='ltr'><strong>tium</strong></span> <span class='ocrx_word' id='word_1_265' title='bbox 989 3460 1369 3521; x_wconf 87' lang='lat' dir='ltr'><strong>auxiliaribus</strong></span> <span class='ocrx_word' id='word_1_266' title='bbox 1392 3464 1577 3543; x_wconf 87' lang='lat' dir='ltr'><strong>copiis</strong></span> <span class='ocrx_word' id='word_1_267' title='bbox 1600 3462 1889 3547; x_wconf 61' lang='lat' dir='ltr'><strong>firmavit:</strong></span> <span class='ocrx_word' id='word_1_268' title='bbox 1937 3464 2225 3536; x_wconf 89' lang='lat' dir='ltr'><strong>Bruttios,</strong></span> <span class='ocrx_word' id='word_1_269' title='bbox 2253 3464 2548 3535; x_wconf 83' lang='lat' dir='ltr'><strong>Lucanos,</strong></span> <span class='ocrx_word' id='word_1_270' title='bbox 2574 3463 2708 3524; x_wconf 88' lang='lat' dir='ltr'><strong>Sal-</strong></span> 
     </span>
     <span class='ocr_line' id='line_1_34' title="bbox 818 3553 2710 3641; baseline 0.004 -28"><span class='ocrx_word' id='word_1_271' title='bbox 818 3553 1088 3628; x_wconf 85' lang='lat' dir='ltr'><strong>lentinos,</strong></span> <span class='ocrx_word' id='word_1_272' title='bbox 1115 3578 1239 3619; x_wconf 88' lang='lat' dir='ltr'><strong>esse</strong></span> <span class='ocrx_word' id='word_1_273' title='bbox 1253 3559 1432 3637; x_wconf 87' lang='lat' dir='ltr'><strong>jussit</strong></span> <span class='ocrx_word' id='word_1_274' title='bbox 1456 3558 1516 3619; x_wconf 87' lang='lat' dir='ltr'><strong>in</strong></span> <span class='ocrx_word' id='word_1_275' title='bbox 1540 3560 1799 3621; x_wconf 87' lang='lat' dir='ltr'><strong>sinistro:</strong></span> <span class='ocrx_word' id='word_1_276' title='bbox 1842 3558 2209 3634; x_wconf 87' lang='lat' dir='ltr'><strong>Tarentinos,</strong></span> <span class='ocrx_word' id='word_1_277' title='bbox 2238 3580 2486 3641; x_wconf 89' lang='lat' dir='ltr'><strong>quorum</strong></span> <span class='ocrx_word' id='word_1_278' title='bbox 2511 3561 2710 3621; x_wconf 75' lang='lat' dir='ltr'><strong>virtuti</strong></span> 
     </span>
     <span class='ocr_line' id='line_1_35' title="bbox 817 3653 2709 3738; baseline 0.003 -26"><span class='ocrx_word' id='word_1_279' title='bbox 817 3653 1006 3713; x_wconf 81' lang='lat' dir='ltr'><strong>minus</strong></span> <span class='ocrx_word' id='word_1_280' title='bbox 1027 3654 1325 3727; x_wconf 89' lang='lat' dir='ltr'><strong>credebat,</strong></span> <span class='ocrx_word' id='word_1_281' title='bbox 1353 3657 1413 3715; x_wconf 89' lang='lat' dir='ltr'><strong>in</strong></span> <span class='ocrx_word' id='word_1_282' title='bbox 1440 3656 1692 3718; x_wconf 85' lang='lat' dir='ltr'><strong>mediam</strong></span> <span class='ocrx_word' id='word_1_283' title='bbox 1718 3659 1903 3718; x_wconf 87' lang='lat' dir='ltr'><strong>aciem</strong></span> <span class='ocrx_word' id='word_1_284' title='bbox 1920 3658 2157 3738; x_wconf 89' lang='lat' dir='ltr'><strong>recepit.</strong></span> <span class='ocrx_word' id='word_1_285' title='bbox 2202 3656 2528 3718; x_wconf 83' lang='lat' dir='ltr'><strong>Consulum</strong></span> <span class='ocrx_word' id='word_1_286' title='bbox 2553 3659 2709 3718; x_wconf 80' lang='lat' dir='ltr'><strong>acies</strong></span> 
     </span>
     <span class='ocr_line' id='line_1_36' title="bbox 814 3746 2708 3834; baseline 0.005 -27"><span class='ocrx_word' id='word_1_287' title='bbox 814 3746 1162 3827; x_wconf 85' lang='lat' dir='ltr'><strong>legionarios</strong></span> <span class='ocrx_word' id='word_1_288' title='bbox 1186 3752 1446 3813; x_wconf 86' lang='lat' dir='ltr'><strong>habebat</strong></span> <span class='ocrx_word' id='word_1_289' title='bbox 1487 3753 1722 3825; x_wconf 84' lang='lat' dir='ltr'><strong>milites,</strong></span> <span class='ocrx_word' id='word_1_290' title='bbox 1751 3753 1984 3813; x_wconf 86' lang='lat' dir='ltr'><strong>auxiliis</strong></span> <span class='ocrx_word' id='word_1_291' title='bbox 2015 3753 2162 3814; x_wconf 81' lang='lat' dir='ltr'><strong>levis</strong></span> <span class='ocrx_word' id='word_1_292' title='bbox 2191 3762 2501 3815; x_wconf 81' lang='lat' dir='ltr'><strong>armaturae</strong></span> <span class='ocrx_word' id='word_1_293' title='bbox 2527 3755 2708 3834; x_wconf 83' lang='lat' dir='ltr'><strong>aptis·</strong></span> 
     </span>
     <span class='ocr_line' id='line_1_37' title="bbox 813 3846 2710 3931; baseline 0.004 -27"><span class='ocrx_word' id='word_1_294' title='bbox 813 3846 955 3907; x_wconf 84' lang='lat' dir='ltr'><strong>sime</strong></span> <span class='ocrx_word' id='word_1_295' title='bbox 980 3846 1364 3909; x_wconf 85' lang='lat' dir='ltr'><strong>intermixtis:</strong></span> <span class='ocrx_word' id='word_1_296' title='bbox 1408 3850 1649 3929; x_wconf 88' lang='lat' dir='ltr'><strong>parique</strong></span> <span class='ocrx_word' id='word_1_297' title='bbox 1677 3851 1908 3928; x_wconf 87' lang='lat' dir='ltr'><strong>ingenio</strong></span> <span class='ocrx_word' id='word_1_298' title='bbox 1938 3860 2000 3910; x_wconf 90' lang='lat' dir='ltr'><strong>et</strong></span> <span class='ocrx_word' id='word_1_299' title='bbox 2036 3860 2495 3931; x_wconf 85' lang='lat' dir='ltr'><strong>temperamento</strong></span> <span class='ocrx_word' id='word_1_300' title='bbox 2519 3851 2710 3911; x_wconf 84' lang='lat' dir='ltr'><strong>subsi-</strong></span> 
     </span>
     <span class='ocr_line' id='line_1_38' title="bbox 812 3941 2702 4027; baseline 0.005 -27"><span class='ocrx_word' id='word_1_301' title='bbox 812 3941 1041 4001; x_wconf 87' lang='lat' dir='ltr'><strong>diorum</strong></span> <span class='ocrx_word' id='word_1_302' title='bbox 1056 3942 1286 4003; x_wconf 83' lang='lat' dir='ltr'><strong>ordines</strong></span> <span class='ocrx_word' id='word_1_303' title='bbox 1298 3942 1703 4006; x_wconf 85' lang='lat' dir='ltr'><strong>distinxerant.</strong></span> <span class='ocrx_word' id='word_1_304' title='bbox 1752 3946 2089 4027; x_wconf 86' lang='lat' dir='ltr'><strong>Equitatus,</strong></span> <span class='ocrx_word' id='word_1_305' title='bbox 2117 3947 2175 4005; x_wconf 91' lang='lat' dir='ltr'><strong>in</strong></span> <span class='ocrx_word' id='word_1_306' title='bbox 2202 3966 2421 4009; x_wconf 85' lang='lat' dir='ltr'><strong>cornua</strong></span> <span class='ocrx_word' id='word_1_307' title='bbox 2435 3946 2702 4018; x_wconf 81' lang='lat' dir='ltr'><strong>diffusus.</strong></span> 
     </span>
     <span class='ocr_line' id='line_1_39' title="bbox 817 4038 2706 4124; baseline 0.004 -29"><span class='ocrx_word' id='word_1_308' title='bbox 817 4056 1007 4117; x_wconf 89' lang='lat' dir='ltr'><strong>neque</strong></span> <span class='ocrx_word' id='word_1_309' title='bbox 1034 4038 1451 4119; x_wconf 85' lang='lat' dir='ltr'><strong>impedimento</strong></span> <span class='ocrx_word' id='word_1_310' title='bbox 1474 4039 1702 4102; x_wconf 85' lang='lat' dir='ltr'><strong>futurus</strong></span> <span class='ocrx_word' id='word_1_311' title='bbox 1724 4052 1851 4104; x_wconf 87' lang='lat' dir='ltr'><strong>erat</strong></span> <span class='ocrx_word' id='word_1_312' title='bbox 1876 4042 2130 4123; x_wconf 89' lang='lat' dir='ltr'><strong>pedestri</strong></span> <span class='ocrx_word' id='word_1_313' title='bbox 2157 4043 2383 4124; x_wconf 82' lang='lat' dir='ltr'><strong>praelio,</strong></span> <span class='ocrx_word' id='word_1_314' title='bbox 2398 4053 2482 4114; x_wconf 87' lang='lat' dir='ltr'><strong>et,</strong></span> <span class='ocrx_word' id='word_1_315' title='bbox 2498 4045 2549 4104; x_wconf 89' lang='lat' dir='ltr'><strong>si</strong></span> <span class='ocrx_word' id='word_1_316' title='bbox 2575 4045 2706 4124; x_wconf 80' lang='lat' dir='ltr'><strong>quis</strong></span> 
     </span>
     <span class='ocr_line' id='line_1_40' title="bbox 810 4130 2703 4222; baseline 0.005 -28"><span class='ocrx_word' id='word_1_317' title='bbox 810 4152 984 4196; x_wconf 83' lang='lat' dir='ltr'><strong>casus</strong></span> <span class='ocrx_word' id='word_1_318' title='bbox 1009 4136 1252 4216; x_wconf 83' lang='lat' dir='ltr'><strong>agendae</strong></span> <span class='ocrx_word' id='word_1_319' title='bbox 1277 4139 1360 4199; x_wconf 90' lang='lat' dir='ltr'><strong>rei</strong></span> <span class='ocrx_word' id='word_1_320' title='bbox 1391 4139 1546 4200; x_wconf 82' lang='lat' dir='ltr'><strong>viam</strong></span> <span class='ocrx_word' id='word_1_321' title='bbox 1576 4141 1914 4220; x_wconf 79' lang='lat' dir='ltr'><strong>aperuisset,</strong></span> <span class='ocrx_word' id='word_1_322' title='bbox 1942 4149 2153 4222; x_wconf 72' lang='lat' dir='ltr'><strong>proesto</strong></span> <span class='ocrx_word' id='word_1_323' title='bbox 2176 4130 2322 4204; x_wconf 78' lang='lat' dir='ltr'><strong>erat.</strong></span> <span class='ocrx_word' id='word_1_324' title='bbox 2408 4140 2574 4205; x_wconf 77' lang='lat' dir='ltr'><strong>Inter</strong></span> <span class='ocrx_word' id='word_1_325' title='bbox 2599 4162 2703 4204; x_wconf 77' lang='lat' dir='ltr'><strong>ex-</strong></span> 
     </span>
    </p>
   </div>
   <div class='ocr_carea' id='block_1_3' title="bbox 2966 3564 2980 4822">
    <p class='ocr_par' dir='ltr' id='par_1_5' title="bbox 2966 3564 2980 4822">
     <span class='ocr_line' id='line_1_41' title="bbox 2966 3564 2980 4822; baseline 0 0"><span class='ocrx_word' id='word_1_326' title='bbox 2966 3564 2980 4822; x_wconf 95' lang='lat' dir='ltr'><strong> </strong></span> 
     </span>
    </p>
   </div>
  </div>
 </body>
</html>
