3025 4892
831 388 1042 438 mam
1093 387 1325 438 xvur.
1373 341 2024 439 surranunmuu.
2356 371 2528 440 1⁶63

389 541 491 596 28.
533 532 730 595 Tanta
749 554 811 595 re
836 532 1118 615 perfecta,
1143 553 1280 595 cum
1299 535 1592 596 exercitus
1615 533 1817 616 spoliis
1834 553 2115 596 eoesorum
2141 543 2204 594 et

310 633 658 713 imperatore
700 630 1107 692 Romanorum
1132 641 1309 713 capto
1347 633 1632 714 superbus
1667 631 2084 711 Carthaginem
2112 652 2203 692 re·

309 737 651 799 verteretur,
677 728 913 789 obviam
933 727 1122 789 effusa
1135 729 1488 789 urbanorum
1503 727 1843 800 multitudo,
1864 728 1967 788 alii
1985 728 2046 787 in
2061 729 2207 789 vicis

310 834 415 887 aut
438 825 709 886 domibus
731 825 1132 898 consistentes,
1166 825 1494 887 incredibili
1520 845 1656 887 cum
1681 825 2010 907 voluptate,
2038 846 2204 906 spec-

308 921 531 993 taculo,
560 921 736 1003 quale
753 921 932 1004 paulo
953 931 1090 983 aute
1107 922 1208 983 vix
1228 931 1431 1004 optare
1448 924 1574 984 ausi
1588 932 1808 995 essent,
1830 922 2202 983 fruebantur:

307 1021 411 1080 vix
435 1028 621 1082 tantae
645 1019 945 1081 felicitatis
985 1019 1086 1081 vel
1127 1019 1428 1099 gaudium,
1465 1019 1566 1081 vel
1605 1022 1787 1081 etiam
1832 1018 2009 1081 fidem
2034 1020 2202 1101 capi-

308 1116 541 1176 antibus
566 1118 794 1178 animis.
877 1117 1004 1184 Qui
1046 1117 1201 1178 enim
1235 1115 1410 1178 modo
1436 1117 1700 1198 proxime
1740 1117 2202 1227 desperationem
2260 1141 2408 1193 Diod
2446 1156 2525 1205 ap

309 1308 469 1371 focos
495 1310 762 1370 ainittere
785 1310 1121 1382 timuerant,
1155 1311 1197 1371 ii
1221 1319 1450 1372 tantam
1475 1331 1666 1371 rerum
1690 1287 2263 1380 commutationem
2271 1287 2394 1320 ¹¹¹¹⁸

306 1407 502 1467 subito
529 1406 751 1468 factam
774 1427 921 1480 esse,
952 1428 1290 1519 quanquam
1314 1407 1602 1480 viderent,
1629 1408 1735 1468 vix
1755 1407 2059 1468 audebant
2079 1427 2205 1468 cre·

308 1500 464 1563 dere.
550 1502 673 1563 Sed
717 1505 976 1564 maxime
1012 1506 1072 1564 in
1115 1506 1271 1586 ipsos
1305 1502 1484 1565 duces
1527 1505 1734 1565 intenti
1758 1506 2019 1565 omnium
2047 1504 2204 1569 oculi

307 1601 602 1680 animique
629 1608 832 1660 erant:
873 1621 1010 1661 cum
1027 1601 1204 1662 modo
1232 1601 1672 1682 Xanthippum,
1699 1601 1875 1662 modo
1901 1600 2203 1681 Regulum

305 1697 618 1769 intuentes,
645 1698 824 1778 hujus
847 1698 1228 1760 aumatium
1249 1697 1713 1777 magnitudinem
1733 1698 1823 1758 sui
1843 1697 2206 1779 imperatoris

304 1793 643 1855 metirentur
665 1794 1153 1877 extollerentque.
1239 1806 1256 1833 ‘
1288 1795 1598 1863 Quantum
1640 1794 1810 1856 illum
1849 1815 1974 1856 esse
2018 1795 2205 1856 virum

305 1901 597 1971 oportere,
642 1893 745 1973 qui
784 1891 995 1955 ducem
1022 1893 1391 1965 acerrimum,
1428 1892 1790 1954 fortunatum
1834 1892 2203 1963 bellatorem,

303 1987 584 2050 victorem
624 1990 959 2071 superbum,
1001 1991 1228 2052 hostem
1267 1990 1732 2072 implacabilem,
1774 1998 2052 2052 terrorem
2077 2009 2208 2071 pes-

305 2094 542 2167 temque
569 2107 796 2167 mag-nae
824 2087 1220 2168 carthag-iaie,
1262 2089 1527 2150 exercitu
1552 2088 1976 2161 florentissimo,
2004 2086 2204 2149 existi-

304 2185 565 2244 matione
619 2184 997 2267 amplissima,
1055 2185 1327 2248 libertate
1368 2186 1625 2266 denique
1672 2187 1801 2267 ipsa
1851 2194 1973 2247 tam
2024 2184 2204 2246 facile

303 2288 548 2362 tamque
587 2281 858 2343 celeriter
896 2284 1159 2344 exuisset
1182 2283 1221 2343 1’
1301 2281 1592 2362 Augebat
1624 2283 2070 2343 admirationem
2095 2282 2202 2342 ba·
2260 2311 2347 2360 gn·
2365 2308 2534 2358 nal-1,

304 2376 463 2439 bitus
505 2380 640 2452 viri,
696 2380 856 2461 quod
899 2379 1008 2439 sub
1053 2379 1284 2460 exiguis
1335 2379 1632 2451 membris,
1686 2388 2041 2460 aspectuque
2088 2397 2204 2438 non
2231 2394 2303 2426 v1·
2323 2392 2394 2424 ”-
2417 2377 2530 2425 ⁸⁰⁴·

305 2473 475 2535 nimis
516 2475 759 2548 decoro,
811 2476 1105 2557 ingentem
1154 2477 1423 2537 virtutem
1464 2475 1888 2537 occultaverat.
1967 2474 2207 2542 Quibus
2226 2491 2404 2557 Polyb.

303 2592 381 2635 ex
428 2573 605 2632 rebus
643 2572 894 2634 multum
934 2574 1289 2655 Xanthippo
1330 2572 1555 2652 gloriae,
1602 2571 1708 2632 sed
1750 2592 1859 2633 nec
1898 2572 2089 2632 minus
2114 2572 2203 2630 in-

301 2668 481 2731 vidiae
525 2671 891 2732 nascebatur.
973 2670 1117 2738 Quo
1157 2671 1218 2730 in
1265 2679 1524 2730 monstro
1561 2667 1928 2750 profligando
1952 2688 2069 2729 non
2093 2668 2201 2728 mi-

303 2786 441 2827 nore
471 2765 809 2847 prudentia,
853 2787 1032 2848 quam
1078 2768 1139 2827 in
1176 2765 1339 2827 bello
1382 2765 1771 2838 conficiendo,
1816 2786 1976 2837 usus,
2017 2784 2205 2846 quan·

303 2882 485 2944 quam
512 2862 819 2924 diuturnus
842 2864 955 2946 ipsi
992 2863 1281 2925 factorum
1317 2882 1553 2925 suorum
1578 2861 1812 2926 ‚fructus
1837 2861 2202 2941 Carthagine
2227 2883 2371 2935 Oros.
2394 2900 2466 2933 w,
2483 2888 2534 2936 9.

302 2959 639 3032 deberetur,
681 2959 1010 3042 relinquere
1034 2981 1167 3042 spes
1192 2960 1477 3042 ancipites
1501 2969 1565 3021 et
1606 2960 1946 3021 insidiarum
1974 2958 2202 3041 plenas,

304 3065 365 3117 et
391 3065 532 3117 ante
573 3058 957 3118 mutationem
988 3059 1336 3132 animorum,
1382 3066 1489 3120 aut
1532 3056 1803 3131 fortunae,
1849 3057 2088 3118 domum
2114 3077 2207 3117 re·

298 3154 469 3232 gredi
494 3156 722 3215 statuit.

384 3257 488 3313 29.
535 3250 684 3312 Hoc
725 3253 882 3312 enim
924 3251 1270 3335 plerumque
1316 3251 1552 3333 ingenio
1595 3251 1863 3312 homines
1895 3257 2097 3329 agunt,
2143 3258 2210 3309 ut

301 3348 512 3429 patriae
537 3346 797 3408 studium
823 3350 883 3409 in
908 3369 1031 3421 ore,
1060 3351 1354 3431 privatum
1381 3350 1439 3409 in
1474 3348 1671 3409 animo
1696 3349 1885 3426 magis
1908 3348 2207 3409 habeant:

303 3445 484 3524 igitur
518 3443 800 3525 quamdiu
840 3445 1079 3525 quidem
1115 3446 1363 3506 honores
1391 3454 1453 3505 et
1476 3445 1715 3506 divitias
1756 3443 2033 3504 incolumi
2063 3443 2210 3504 civi-

301 3550 428 3602 tate
476 3561 737 3622 quaerere
789 3542 1054 3622 tuerique
1105 3551 1368 3624 possunt,
1416 3562 1675 3603 amorem
1719 3540 1880 3602 illius
1929 3539 2213 3600 ardentis·

302 3638 518 3699 simum
555 3637 906 3719 praeferunt:
950 3639 1051 3699 ubi
1077 3638 1401 3720 periculum
1424 3648 1516 3699 est
1540 3658 1614 3699 ne
1640 3637 1718 3698 ad
1759 3638 1907 3698 alios
1939 3637 2020 3697 ob
2045 3655 2208 3715 mag-

305 3755 444 3796 nam
491 3736 766 3795 virtutem
818 3743 882 3795 et
924 3736 1151 3796 eximia
1199 3735 1411 3795 merita
1454 3735 1585 3796 baec
1639 3734 1990 3804 concedant,
2037 3732 2208 3810 longe

309 3832 542 3892 malunt
584 3830 786 3892 deesse
831 3831 934 3912 qui
986 3833 1243 3914 publicai
1292 3833 1378 3893 rei
1424 3833 1667 3914 prosint,
1714 3851 1894 3912 quam
1939 3849 2062 3891 esse
2105 3829 2207 3908 qui

308 3929 509 3992 obsint
530 3948 673 3990 suae.
752 3927 966 3990 Donec
993 3938 1189 3990 autem
1216 3929 1366 3989 alios
1391 3930 1755 4011 oequiparare
1782 3947 1949 4010 posse
1975 3933 2209 4009 putant,

310 4025 600 4087 occultius
648 4035 825 4106 atque
868 4026 1159 4087 remissius
1198 4026 1496 4088 invident.
1540 4046 1676 4088 cum
1708 4046 1849 4087 vero
1876 4024 2209 4102 longissime

312 4121 525 4194 relicti,
569 4124 1004 4204 comparatione
1042 4124 1374 4234 propinqua
1413 4144 1475 4184 se
1522 4123 1706 4204 premi
1735 4123 2016 4193 sentiunt,
2043 4139 2214 4200 opes-

309 4240 424 4302 que
449 4231 518 4280 et
539 4220 933 4298 magistratus,
964 4241 1112 4301 quos
1153 4221 1263 4300 ipsi
1296 4221 1596 4294 sitiebant,
1640 4240 1845 4301 penes
1856 4218 2005 4279 alios
2047 4235 2207 4285 esse;
