3025 4892
416 329 588 395 1408

437 2313 653 2380 Polyaen.

403 2379 603 2442 Strateg.

406 2459 456 2490 νι
466 2459 525 2491 1.1
547 2449 624 2492 15.

437 2507 507 2555 Vs
510 2509 541 2555 Ι.
564 2509 698 2557 Max.

405 2587 479 2623 IV·
500 2577 546 2622 l·
569 2579 620 2623 5.

426 4081 537 4130 vat.
558 4081 691 4131 Max.

398 4162 448 4198 v.
469 4152 518 4197 7.
539 4151 586 4196 1.

1372 350 1438 401 T.
1492 351 1673 400 [alvll

738 491 861 552 trioe
922 492 1230 553 affectibus
1272 492 1403 551 aliis
1451 494 1721 553 omnibus
1786 493 2066 555 anteferre
2129 493 2272 554 satis
2330 493 2623 557 didicisse.

740 587 959 649 Verum
984 591 1301 659 enimvero,
1329 590 1609 669 quicquid
1636 590 1693 649 in
1713 591 1825 650 hoc
1841 591 2216 651 adolescente
2244 594 2621 653 metuendum

737 686 849 745 suit
874 697 1229 747 transactum
1255 695 1380 755 θεῖς
1410 688 1569 746 bona
1594 696 1810 759 autem,
1837 707 1969 766 quae
1995 708 2160 747 mens
2183 688 2343 746 illius
2368 689 2621 748 indoles·

735 766 871 860 q'ue,
898 803 969 841 ac
994 783 1101 841 sub
1142 802 1234 841 me
1279 801 1395 841 non
1424 782 1779 863 ineptissimo
1813 784 2110 862 magistro,
2149 784 2234 844 uti
2256 784 2425 843 vobis
2469 786 2623 844 visus

734 897 883 945 sum,
914 878 1181 938 instituta
1204 887 1266 937 et
1290 880 1555 938 exercita
1572 881 1753 938 virtus
1785 879 2157 960 pollicentur,
2187 879 2378 939 adhuc
2403 900 2620 960 expec-

734 974 845 1032 tari
871 984 1127 1054 possunt,
1156 974 1262 1033 nisi
1300 994 1463 1055 spem
1492 976 1685 1045 istam,
1713 995 1829 1035 non
1857 975 2095 1054 quidem
2130 977 2352 1055 iniqua,
2375 977 2483 1037 sed
2527 987 2621 1039 ta»

733 1089 866 1129 men
911 1070 1322 1150 intempestiva
1370 1072 1692 1131 severitate.
1730 1071 2112 1151 praecidimus.
2197 1072 2413 1131 Multis
2453 1073 2620 1132 initio

732 1158 921 1226 rerum
936 1166 1327 1244 gerendarum
1355 1167 1685 1248 impegioee,
1712 1167 1789 1227 ad
1809 1167 2174 1247 prudentiam
2201 1177 2264 1228 et
2286 1170 2618 1230 cautionem

734 1261 983 1342 profuit:
1026 1263 1127 1342 qui
1166 1265 1373 1322 erroris
1406 1263 1713 1335 admoniti,
1761 1263 2081 1324 mediocria
2104 1284 2260 1345 saepe
2286 1266 2506 1331 damna
2529 1268 2618 1325 in·

734 1360 891 1436 genti
916 1359 1173 1418 utilitate
1194 1360 1580 1420 redemerunt.

811 1461 870 1514 6.
916 1464 932 1491 ⁴
958 1455 1042 1514 Et
1068 1457 1261 1514 nescio
1285 1476 1361 1516 an
1389 1476 1502 1517 non
1532 1456 1609 1516 ad
1637 1455 1885 1516 fortunae
1909 1457 2103 1537 potius
2121 1455 2420 1525 invidiam,
2439 1477 2620 1536 quam

732 1550 977 1610 hominis
998 1554 1092 1630 cuj
1100 1571 1342 1632 usquam
1367 1562 1673 1632 peccatum
1699 1552 1898 1612 referri
1922 1553 2114 1612 verius
2126 1553 2221 1621 sit,
2243 1553 2400 1631 quod
2425 1563 2484 1611 et
2507 1555 2617 1612 rei-

730 1647 983 1727 publicae
1010 1657 1243 1717 nostrae,
1270 1659 1333 1708 et
1350 1648 1556 1708 Fabiae
1572 1649 1760 1728 gentis
1777 1649 2047 1709 diuturna
2066 1647 2319 1708 felicitas
2340 1649 2617 1709 mediocri

728 1742 1073 1804 detrimento
1110 1744 1399 1822 castigata
1445 1754 1572 1805 est.
1615 1764 1953 1824 quanquam
1997 1744 2408 1804 benevolentia
2432 1747 2619 1822 magis

731 1840 857 1900 haec
896 1839 1180 1911 Deorum,
1205 1861 1384 1920 quam
1416 1840 1641 1901 invidia
1676 1841 1949 1901 vocanda
1979 1840 2077 1911 sit,
2111 1843 2282 1919 cujus
2323 1840 2617 1901 beneficio

726 1937 1004 1996 adversus
1026 1936 1394 1996 exitiabilem
1414 1938 1768 2017 superbiam,
1788 1956 1920 2016 quae
1947 1957 2041 1995 res
2067 1937 2304 1995 nimium
2329 1937 2619 1997 secundas

714 2033 892 2112 sequi
918 2034 1093 2105 solet,
1120 2053 1235 2092 non
1260 2044 1383 2093 tam
1409 2034 1697 2094 damnosa
1728 2034 1952 2093 civitati
1980 2032 2174 2102 clade,
2200 2052 2377 2112 quam
2401 2033 2478 2092 ad
2505 2033 2615 2093 do-

726 2138 1060 2188 cumentum
1118 2129 1366 2201 efficaci,
1435 2129 1788 2191 conditionis
1824 2204 1832 2214 ·
1874 2130 2144 2189 humanae
2213 2129 2611 2190 admonemur.

728 2224 1028 2305 Quicquid
1057 2226 1118 2285 id
1142 2236 1253 2297 est,
1300 2227 1589 2297 Quirites,
1616 2227 1757 2286 mihi
1782 2235 1944 2286 certe
1963 2225 2173 2285 sinistri
2211 2225 2437 2304 aliquid
2464 2246 2614 2304 prve-

722 2321 988 2399 sagiebat
1038 2324 1282 2393 animus,
1313 2344 1458 2387 ,cum
1498 2324 1595 2384 die
1639 2323 2004 2383 comitiorum
2046 2321 2277 2382 solicite
2316 2321 2616 2382 vobiscum

723 2438 977 2497 agerem,
1020 2440 1092 2480 ne
1118 2421 1304 2480 filium
1336 2441 1533 2480 meum
1575 2420 1873 2481 consulem
1905 2419 2191 2478 faceretis.
2274 2417 2430 2476 Cum
2456 2419 2614 2481 enim

723 2524 946 2595 patrem
973 2537 1190 2587 meum,
1218 2538 1416 2588 avum,
1449 2538 1751 2598 proavum,
1781 2515 1930 2576 alios
1952 2516 2203 2593 majores
2227 2532 2390 2573 meos
2411 2514 2613 2594 saepis-

722 2613 887 2683 sime,
914 2613 1119 2673 adhaec
1158 2615 1438 2695 meipsum
1483 2615 1793 2694 quinquies
1835 2613 1946 2672 hoc
1974 2610 2311 2688 magistratu
2349 2609 2614 2670 functum

720 2729 847 2768 esse
872 2711 1214 2788 cogitarem,
1238 2712 1592 2791 incipiebam
1617 2710 1823 2778 vereri,
1851 2718 1916 2768 ut
1938 2707 2147 2768 eadem
2175 2707 2232 2766 in
2259 2716 2432 2784 gente
2457 2726 2611 2767 sum-
2650 2778 2658 2786 ,

720 2823 848 2862 mos
886 2805 1134 2864 honores
1158 2807 1508 2876 continuari,
1536 2805 1632 2864 vel
1663 2804 1791 2873 Dii,
1818 2804 1913 2864 vel
1940 2804 2225 2872 homines,
2252 2802 2446 2862 auimo
2469 2803 2615 2863 satis

720 2917 891 2977 aequo
933 2908 1283 2978 paterentur.
1369 2899 1577 2979 Atque
1620 2901 1842 2958 utinam
1878 2899 1973 2959 vel
1999 2900 2396 2980 istotempore
2413 2919 2615 2978 preces

720 3013 866 3052 meae
892 2993 1211 3054 valuissent
1232 3016 1249 3062 ;
1280 2995 1376 3054 vel
1405 2995 1573 3055 vobis
1595 2994 1944 3055 beneficium
1967 3005 2216 3055 vestrum
2237 2996 2385 3053 tueri
2411 2993 2610 3073 place·

719 3089 838 3149 ret!
884 3110 959 3149 ne
987 3091 1145 3169 quod
1172 3092 1409 3152 honoris
1428 3111 1629 3162 causa,
1666 3111 1758 3151 me
1797 3102 2117 3160 recusante,
2168 3090 2452 3153 tribuistis
2484 3089 2615 3149 filio

719 3206 872 3256 meo,
901 3186 1183 3246 inauditae
1212 3188 1494 3248 hactenus
1521 3188 1851 3266 ignominiae
1884 3188 2115 3248 occasio
2138 3188 2364 3264 utrique
2407 3185 2607 3253 fieren

718 3303 935 3361 vosque
974 3285 1317 3345 temeritatis
1350 3273 1779 3363 'arguereminss
1822 3306 1989 3364 quos,
2035 3285 2082 3344 si
2127 3283 2374 3362 priorem
2410 3281 2485 3340 de
2522 3284 2610 3348 Q.

720 3377 910 3438 Fabio
934 3382 1282 3440 sententiam
1311 3381 1432 3441 alio
1465 3381 1700 3460 judicio
1727 3380 2073 3448 rescinditiS,
2116 3387 2218 3437 aut
2242 3377 2472 3437 dedisse
2500 3380 2608 3437 im-

716 3477 933 3553 perium
958 3476 1086 3535 sine
1111 3497 1312 3547 causa,
1336 3488 1440 3537 aut
1466 3479 1800 3557 abrogasse,
1829 3478 2040 3557 posteri
2065 3475 2325 3535 credent.

796 3576 855 3632 7.
901 3579 919 3607 ‘
942 3572 1037 3632 At
1059 3574 1108 3632 si
1156 3575 1386 3636 mitiora
1413 3575 1810 3645 decreveritis,
1852 3583 1915 3632 et
1954 3581 2149 3632 vestra
2171 3571 2339 3631 vobis
2360 3570 2610 3629 auctori-

716 3676 828 3737 tas,
856 3677 919 3728 et
945 3668 1149 3729 Fabiae
1176 3672 1360 3749 gentis
1383 3671 1743 3731 existimatio
1767 3669 1937 3729 salva
1975 3669 2106 3738 erit,
2132 3686 2398 3745 errorque
2428 3668 2605 3743 juve-

718 3762 872 3833 nilis,
901 3765 985 3824 uti
1010 3786 1144 3826 cum
1172 3767 1372 3845 aliquo
1417 3766 1755 3847 reipublicae
1781 3765 1999 3830 damno
2022 3764 2362 3823 commissus
2385 3770 2495 3831 est,
2523 3762 2608 3820 ita

716 3862 939 3939 majore
986 3882 1120 3921 cum
1170 3865 1298 3941 ejus
1343 3863 1738 3923 emolumento
1779 3859 2202 3921 emendabitur.
2305 3858 2428 3917 Sed
2475 3857 2611 3937 quis

714 3956 997 4034 spondere
1040 3957 1151 4017 hoc
1194 3959 1387 4018 ausit?
1451 3958 1606 4036 Ego,
1646 3956 1948 4025 Quiritem
1995 3974 2108 4032 ego
2160 3974 2264 4033 pro
2307 3953 2433 4013 filio
2475 3972 2609 4011 meo

714 4070 1046 4130 sponsorem
1075 4074 1163 4112 me
1194 4055 1532 4133 reipublicae
1557 4052 1749 4112 dabo:
1792 4061 1877 4122 et,
1906 4051 2063 4130 quod
2090 4051 2316 4109 senatui
2358 4048 2605 4129 populo-

715 4166 829 4225 que
872 4146 1172 4220 Romano,
1217 4150 1429 4209 deinde
1458 4158 1668 4209 nostrae
1706 4144 1905 4208 domui
1933 4146 2078 4208 felix
2110 4146 2479 4225 faustumque
2505 4147 2603 4216 sit,
