<?xml version="1.0" encoding="UTF-8"?>
<!DOCTYPE html PUBLIC "-//W3C//DTD XHTML 1.0 Transitional//EN"
    "http://www.w3.org/TR/xhtml1/DTD/xhtml1-transitional.dtd">
<html xmlns="http://www.w3.org/1999/xhtml" xml:lang="en" lang="en">
 <head>
  <title>
</title>
<meta http-equiv="Content-Type" content="text/html;charset=utf-8" />
  <meta name='ocr-system' content='tesseract 3.04.00' />
  <meta name='ocr-capabilities' content='ocr_page ocr_carea ocr_par ocr_line ocrx_word'/>
</head>
<body>
  <div class='ocr_page' id='page_1' title='image "./tliviipatavinih04unkngoog_0417.png"; bbox 0 0 3025 4892; ppageno 0'>
   <div class='ocr_carea' id='block_1_1' title="bbox 977 361 2458 437">
    <p class='ocr_par' dir='ltr' id='par_1_1' title="bbox 977 361 2458 437">
     <span class='ocr_line' id='line_1_1' title="bbox 977 361 2458 437; baseline 0.004 -6"><span class='ocrx_word' id='word_1_1' title='bbox 977 381 1123 433; x_wconf 76' lang='lat' dir='ltr'><strong>mu.</strong></span> <span class='ocrx_word' id='word_1_2' title='bbox 1170 381 1378 433; x_wconf 77' lang='lat' dir='ltr'><strong>xxii.</strong></span> <span class='ocrx_word' id='word_1_3' title='bbox 1426 381 1590 433; x_wconf 69' lang='lat' dir='ltr'><strong>on».</strong></span> <span class='ocrx_word' id='word_1_4' title='bbox 1632 361 1742 432; x_wconf 81' lang='lat'><strong>16.</strong></span> <span class='ocrx_word' id='word_1_5' title='bbox 2288 368 2458 437; x_wconf 61' lang='lat'>1⁸79?</span> 
     </span>
    </p>
   </div>
   <div class='ocr_carea' id='block_1_2' title="bbox 259 524 2463 1027">
    <p class='ocr_par' dir='ltr' id='par_1_2' title="bbox 259 524 2463 1027">
     <span class='ocr_line' id='line_1_2' title="bbox 264 524 2461 612; baseline 0 -18"><span class='ocrx_word' id='word_1_6' title='bbox 264 524 559 610; x_wconf 75' lang='lat' dir='ltr'><strong>occidit3</strong></span> <span class='ocrx_word' id='word_1_7' title='bbox 601 525 944 611; x_wconf 85' lang='lat' dir='ltr'><strong>extemplo</strong></span> <span class='ocrx_word' id='word_1_8' title='bbox 982 531 1347 612; x_wconf 82' lang='lat' dir='ltr'><strong>occupatus</strong></span> <span class='ocrx_word' id='word_1_9' title='bbox 1376 526 1739 592; x_wconf 83' lang='lat' dir='ltr'><strong>certamine</strong></span> <span class='ocrx_word' id='word_1_10' title='bbox 1781 530 1884 593; x_wconf 86' lang='lat' dir='ltr'><strong>est</strong></span> <span class='ocrx_word' id='word_1_11' title='bbox 1911 525 2240 607; x_wconf 57' lang='lat' dir='ltr'><strong>animus!</strong></span> <span class='ocrx_word' id='word_1_12' title='bbox 2274 529 2461 596; x_wconf 76' lang='lat' dir='ltr'><strong>exci-</strong></span> 
     </span>
     <span class='ocr_line' id='line_1_3' title="bbox 263 629 2458 717; baseline 0.002 -22"><span class='ocrx_word' id='word_1_13' title='bbox 263 630 637 715; x_wconf 83' lang='lat' dir='ltr'><strong>deruntque</strong></span> <span class='ocrx_word' id='word_1_14' title='bbox 666 637 1009 714; x_wconf 82' lang='lat' dir='ltr'><strong>praecepta</strong></span> <span class='ocrx_word' id='word_1_15' title='bbox 1038 629 1408 708; x_wconf 81' lang='lat' dir='ltr'><strong>dictatoris,</strong></span> <span class='ocrx_word' id='word_1_16' title='bbox 1437 629 1575 713; x_wconf 87' lang='lat' dir='ltr'><strong>qui,</strong></span> <span class='ocrx_word' id='word_1_17' title='bbox 1606 636 1928 712; x_wconf 88' lang='lat' dir='ltr'><strong>quantum</strong></span> <span class='ocrx_word' id='word_1_18' title='bbox 1959 637 2106 696; x_wconf 85' lang='lat' dir='ltr'><strong>tuto</strong></span> <span class='ocrx_word' id='word_1_19' title='bbox 2126 640 2179 683; x_wconf 88' lang='lat'><strong>¹⁹</strong></span> <span class='ocrx_word' id='word_1_20' title='bbox 2206 638 2458 717; x_wconf 84' lang='lat' dir='ltr'><strong>posset,</strong></span> 
     </span>
     <span class='ocr_line' id='line_1_4' title="bbox 259 732 2458 820; baseline 0.001 -21"><span class='ocrx_word' id='word_1_21' title='bbox 259 753 691 819; x_wconf 78' lang='lat' dir='ltr'><strong>progressum</strong></span> <span class='ocrx_word' id='word_1_22' title='bbox 749 732 939 818; x_wconf 84' lang='lat' dir='ltr'><strong>prins</strong></span> <span class='ocrx_word' id='word_1_23' title='bbox 1004 734 1304 818; x_wconf 85' lang='lat' dir='ltr'><strong>recipere</strong></span> <span class='ocrx_word' id='word_1_24' title='bbox 1353 752 1501 799; x_wconf 82' lang='lat' dir='ltr'><strong>sese</strong></span> <span class='ocrx_word' id='word_1_25' title='bbox 1552 732 1877 817; x_wconf 88' lang='lat' dir='ltr'><strong>jusserat,</strong></span> <span class='ocrx_word' id='word_1_26' title='bbox 1931 752 2134 820; x_wconf 89' lang='lat' dir='ltr'><strong>quam</strong></span> <span class='ocrx_word' id='word_1_27' title='bbox 2180 736 2250 801; x_wconf 89' lang='lat' dir='ltr'><strong>in</strong></span> <span class='ocrx_word' id='word_1_28' title='bbox 2301 756 2458 802; x_wconf 61' lang='lat' dir='ltr'><strong>cona·</strong></span> 
     </span>
     <span class='ocr_line' id='line_1_5' title="bbox 259 834 2460 922; baseline 0 -18"><span class='ocrx_word' id='word_1_29' title='bbox 259 843 569 922; x_wconf 82' lang='lat' dir='ltr'><strong>spectum</strong></span> <span class='ocrx_word' id='word_1_30' title='bbox 596 837 894 903; x_wconf 87' lang='lat' dir='ltr'><strong>hostium</strong></span> <span class='ocrx_word' id='word_1_31' title='bbox 925 837 1193 903; x_wconf 85' lang='lat' dir='ltr'><strong>veniret.</strong></span> <span class='ocrx_word' id='word_1_32' title='bbox 1284 834 1631 916; x_wconf 80' lang='lat' dir='ltr'><strong>Numidoe,</strong></span> <span class='ocrx_word' id='word_1_33' title='bbox 1674 835 1793 901; x_wconf 86' lang='lat' dir='ltr'><strong>alii</strong></span> <span class='ocrx_word' id='word_1_34' title='bbox 1845 843 2052 922; x_wconf 85' lang='lat' dir='ltr'><strong>atque</strong></span> <span class='ocrx_word' id='word_1_35' title='bbox 2081 837 2197 904; x_wconf 90' lang='lat' dir='ltr'><strong>alii</strong></span> <span class='ocrx_word' id='word_1_36' title='bbox 2228 859 2460 906; x_wconf 87' lang='lat' dir='ltr'><strong>occur-</strong></span> 
     </span>
     <span class='ocr_line' id='line_1_6' title="bbox 261 938 2463 1027; baseline 0.001 -21"><span class='ocrx_word' id='word_1_37' title='bbox 261 948 495 1007; x_wconf 78' lang='lat' dir='ltr'><strong>santes</strong></span> <span class='ocrx_word' id='word_1_38' title='bbox 523 940 1081 1024; x_wconf 78' lang='lat' dir='ltr'><strong>refugientesque,</strong></span> <span class='ocrx_word' id='word_1_39' title='bbox 1120 938 1209 1006; x_wconf 79' lang='lat' dir='ltr'><strong>ad</strong></span> <span class='ocrx_word' id='word_1_40' title='bbox 1255 945 1480 1005; x_wconf 88' lang='lat' dir='ltr'><strong>castra</strong></span> <span class='ocrx_word' id='word_1_41' title='bbox 1529 959 1740 1025; x_wconf 83' lang='lat' dir='ltr'><strong>prope</strong></span> <span class='ocrx_word' id='word_1_42' title='bbox 1771 941 1996 1024; x_wconf 88' lang='lat' dir='ltr'><strong>ipsum</strong></span> <span class='ocrx_word' id='word_1_43' title='bbox 2038 940 2463 1027; x_wconf 72' lang='lat' dir='ltr'><strong>cumsatiga·</strong></span> 
     </span>
    </p>
   </div>
   <div class='ocr_carea' id='block_1_3' title="bbox 261 1044 2577 1130">
    <p class='ocr_par' dir='ltr' id='par_1_3' title="bbox 261 1044 2577 1130">
     <span class='ocr_line' id='line_1_7' title="bbox 261 1044 2577 1130; baseline 0.001 -20"><span class='ocrx_word' id='word_1_44' title='bbox 261 1044 451 1110; x_wconf 86' lang='lat' dir='ltr'><strong>tione</strong></span> <span class='ocrx_word' id='word_1_45' title='bbox 480 1064 800 1130; x_wconf 87' lang='lat' dir='ltr'><strong>equorum</strong></span> <span class='ocrx_word' id='word_1_46' title='bbox 831 1052 1039 1129; x_wconf 84' lang='lat' dir='ltr'><strong>atque</strong></span> <span class='ocrx_word' id='word_1_47' title='bbox 1066 1044 1420 1110; x_wconf 89' lang='lat' dir='ltr'><strong>hominum</strong></span> <span class='ocrx_word' id='word_1_48' title='bbox 1450 1051 1853 1129; x_wconf 79' lang='lat' dir='ltr'><strong>pertraxere.</strong></span> <span class='ocrx_word' id='word_1_49' title='bbox 1918 1044 2091 1111; x_wconf 85' lang='lat' dir='ltr'><strong>Inde</strong></span> <span class='ocrx_word' id='word_1_50' title='bbox 2123 1045 2462 1125; x_wconf 78' lang='lat' dir='ltr'>Carthalo,</span> <span class='ocrx_word' id='word_1_51' title='bbox 2560 1077 2577 1096; x_wconf 89' lang='lat'><strong>·</strong></span> 
     </span>
    </p>
   </div>
   <div class='ocr_carea' id='block_1_4' title="bbox 258 1148 2471 3090">
    <p class='ocr_par' dir='ltr' id='par_1_4' title="bbox 258 1148 2469 2658">
     <span class='ocr_line' id='line_1_8' title="bbox 258 1148 2460 1235; baseline 0.001 -24"><span class='ocrx_word' id='word_1_52' title='bbox 258 1167 478 1231; x_wconf 83' lang='lat' dir='ltr'><strong>penes</strong></span> <span class='ocrx_word' id='word_1_53' title='bbox 501 1168 700 1234; x_wconf 88' lang='lat' dir='ltr'><strong>quem</strong></span> <span class='ocrx_word' id='word_1_54' title='bbox 728 1167 993 1215; x_wconf 85' lang='lat' dir='ltr'><strong>summa</strong></span> <span class='ocrx_word' id='word_1_55' title='bbox 1023 1149 1353 1235; x_wconf 87' lang='lat' dir='ltr'><strong>equestris</strong></span> <span class='ocrx_word' id='word_1_56' title='bbox 1376 1148 1646 1232; x_wconf 88' lang='lat' dir='ltr'><strong>imperii</strong></span> <span class='ocrx_word' id='word_1_57' title='bbox 1678 1153 1845 1228; x_wconf 81' lang='lat' dir='ltr'><strong>erat,</strong></span> <span class='ocrx_word' id='word_1_58' title='bbox 1877 1148 2230 1214; x_wconf 86' lang='lat' dir='ltr'><strong>concitatis</strong></span> <span class='ocrx_word' id='word_1_59' title='bbox 2259 1149 2460 1235; x_wconf 87' lang='lat' dir='ltr'><strong>equis</strong></span> 
     </span>
     <span class='ocr_line' id='line_1_9' title="bbox 261 1249 2465 1338; baseline 0 -23"><span class='ocrx_word' id='word_1_60' title='bbox 261 1249 605 1331; x_wconf 82' lang='lat' dir='ltr'><strong>invectus,</strong></span> <span class='ocrx_word' id='word_1_61' title='bbox 633 1265 781 1318; x_wconf 79' lang='lat' dir='ltr'><strong>cu‘m</strong></span> <span class='ocrx_word' id='word_1_62' title='bbox 814 1253 1022 1338; x_wconf 85' lang='lat' dir='ltr'><strong>prius,</strong></span> <span class='ocrx_word' id='word_1_63' title='bbox 1061 1271 1264 1336; x_wconf 88' lang='lat' dir='ltr'><strong>quam</strong></span> <span class='ocrx_word' id='word_1_64' title='bbox 1294 1249 1381 1317; x_wconf 88' lang='lat' dir='ltr'><strong>ad</strong></span> <span class='ocrx_word' id='word_1_65' title='bbox 1414 1250 1790 1335; x_wconf 84' lang='lat' dir='ltr'><strong>conjectum</strong></span> <span class='ocrx_word' id='word_1_66' title='bbox 1831 1251 1945 1316; x_wconf 86' lang='lat' dir='ltr'><strong>teli</strong></span> <span class='ocrx_word' id='word_1_67' title='bbox 1975 1251 2248 1331; x_wconf 85' lang='lat' dir='ltr'><strong>veniret,</strong></span> <span class='ocrx_word' id='word_1_68' title='bbox 2277 1271 2465 1316; x_wconf 82' lang='lat' dir='ltr'><strong>aver-</strong></span> 
     </span>
     <span class='ocr_line' id='line_1_10' title="bbox 263 1352 2462 1442; baseline 0.001 -24"><span class='ocrx_word' id='word_1_69' title='bbox 263 1352 785 1434; x_wconf 69' lang='lat' dir='ltr'><strong>tissetbostem,⁸</strong></span> <span class='ocrx_word' id='word_1_70' title='bbox 802 1357 1101 1442; x_wconf 86' lang='lat' dir='ltr'><strong>quinque</strong></span> <span class='ocrx_word' id='word_1_71' title='bbox 1121 1356 1338 1421; x_wconf 87' lang='lat' dir='ltr'><strong>millia</strong></span> <span class='ocrx_word' id='word_1_72' title='bbox 1358 1356 1565 1421; x_wconf 83' lang='lat' dir='ltr'><strong>ferme</strong></span> <span class='ocrx_word' id='word_1_73' title='bbox 1585 1353 1947 1420; x_wconf 87' lang='lat' dir='ltr'><strong>continenti</strong></span> <span class='ocrx_word' id='word_1_74' title='bbox 1972 1374 2167 1422; x_wconf 88' lang='lat' dir='ltr'><strong>cursu</strong></span> <span class='ocrx_word' id='word_1_75' title='bbox 2191 1361 2462 1420; x_wconf 86' lang='lat' dir='ltr'><strong>secutus</strong></span> 
     </span>
     <span class='ocr_line' id='line_1_11' title="bbox 260 1456 2462 1545; baseline 0.002 -23"><span class='ocrx_word' id='word_1_76' title='bbox 260 1464 381 1522; x_wconf 84' lang='lat' dir='ltr'><strong>est</strong></span> <span class='ocrx_word' id='word_1_77' title='bbox 407 1456 762 1540; x_wconf 81' lang='lat' dir='ltr'><strong>fugientes.</strong></span> <span class='ocrx_word' id='word_1_78' title='bbox 854 1457 1234 1537; x_wconf 87' lang='lat' dir='ltr'><strong>Mancinus,</strong></span> <span class='ocrx_word' id='word_1_79' title='bbox 1281 1466 1637 1545; x_wconf 78' lang='lat' dir='ltr'><strong>postquam</strong></span> <span class='ocrx_word' id='word_1_80' title='bbox 1681 1477 1802 1524; x_wconf 87' lang='lat' dir='ltr'><strong>nec</strong></span> <span class='ocrx_word' id='word_1_81' title='bbox 1848 1457 2108 1525; x_wconf 89' lang='lat' dir='ltr'><strong>hostem</strong></span> <span class='ocrx_word' id='word_1_82' title='bbox 2138 1458 2462 1526; x_wconf 77' lang='lat' dir='ltr'><strong>desistere</strong></span> 
     </span>
     <span class='ocr_line' id='line_1_12' title="bbox 263 1560 2462 1646; baseline 0.001 -22"><span class='ocrx_word' id='word_1_83' title='bbox 263 1560 491 1644; x_wconf 85' lang='lat' dir='ltr'><strong>sequi,</strong></span> <span class='ocrx_word' id='word_1_84' title='bbox 531 1579 659 1626; x_wconf 88' lang='lat' dir='ltr'><strong>nec</strong></span> <span class='ocrx_word' id='word_1_85' title='bbox 701 1580 894 1645; x_wconf 80' lang='lat' dir='ltr'><strong>spem</strong></span> <span class='ocrx_word' id='word_1_86' title='bbox 936 1562 1101 1628; x_wconf 83' lang='lat' dir='ltr'><strong>vidit</strong></span> <span class='ocrx_word' id='word_1_87' title='bbox 1146 1561 1503 1646; x_wconf 82' lang='lat' dir='ltr'><strong>effugiendi</strong></span> <span class='ocrx_word' id='word_1_88' title='bbox 1555 1581 1736 1641; x_wconf 84' lang='lat' dir='ltr'><strong>esse,</strong></span> <span class='ocrx_word' id='word_1_89' title='bbox 1785 1561 2175 1628; x_wconf 73' lang='lat' dir='ltr'><strong>cohortatus</strong></span> <span class='ocrx_word' id='word_1_90' title='bbox 2206 1582 2366 1630; x_wconf 89' lang='lat' dir='ltr'><strong>suos</strong></span> <span class='ocrx_word' id='word_1_91' title='bbox 2394 1564 2462 1627; x_wconf 86' lang='lat' dir='ltr'><strong>iu</strong></span> 
     </span>
     <span class='ocr_line' id='line_1_13' title="bbox 263 1662 2467 1754; baseline 0.001 -26"><span class='ocrx_word' id='word_1_92' title='bbox 263 1662 586 1745; x_wconf 82' lang='lat' dir='ltr'><strong>praelium</strong></span> <span class='ocrx_word' id='word_1_93' title='bbox 632 1664 855 1736; x_wconf 84' lang='lat' dir='ltr'><strong>rediit,</strong></span> <span class='ocrx_word' id='word_1_94' title='bbox 900 1665 1080 1729; x_wconf 89' lang='lat' dir='ltr'><strong>omui</strong></span> <span class='ocrx_word' id='word_1_95' title='bbox 1119 1670 1307 1750; x_wconf 85' lang='lat' dir='ltr'><strong>parte</strong></span> <span class='ocrx_word' id='word_1_96' title='bbox 1338 1664 1576 1731; x_wconf 85' lang='lat' dir='ltr'><strong>virium</strong></span> <span class='ocrx_word' id='word_1_97' title='bbox 1618 1665 1853 1754; x_wconf 80' lang='lat' dir='ltr'><strong>impar.</strong></span> <span class='ocrx_word' id='word_1_98' title='bbox 1943 1664 2180 1751; x_wconf 86' lang='lat' dir='ltr'><strong>Itaque</strong></span> <span class='ocrx_word' id='word_1_99' title='bbox 2212 1666 2362 1750; x_wconf 87' lang='lat' dir='ltr'><strong>ipse</strong></span> <span class='ocrx_word' id='word_1_100' title='bbox 2392 1670 2467 1730; x_wconf 90' lang='lat' dir='ltr'><strong>et</strong></span> 
     </span>
     <span class='ocr_line' id='line_1_14' title="bbox 264 1763 2462 1850; baseline 0.001 -20"><span class='ocrx_word' id='word_1_101' title='bbox 264 1763 506 1831; x_wconf 83' lang='lat' dir='ltr'><strong>delecti</strong></span> <span class='ocrx_word' id='word_1_102' title='bbox 534 1766 829 1850; x_wconf 89' lang='lat' dir='ltr'><strong>equitum</strong></span> <span class='ocrx_word' id='word_1_103' title='bbox 862 1767 1292 1833; x_wconf 84' lang='lat' dir='ltr'><strong>circumventi</strong></span> <span class='ocrx_word' id='word_1_104' title='bbox 1320 1767 1741 1834; x_wconf 88' lang='lat' dir='ltr'><strong>occiduntur.</strong></span> <span class='ocrx_word' id='word_1_105' title='bbox 1829 1765 2056 1833; x_wconf 85' lang='lat' dir='ltr'><strong>Ceteri</strong></span> <span class='ocrx_word' id='word_1_106' title='bbox 2082 1766 2295 1834; x_wconf 82' lang='lat' dir='ltr'><strong>effuso</strong></span> <span class='ocrx_word' id='word_1_107' title='bbox 2325 1787 2462 1832; x_wconf 89' lang='lat' dir='ltr'><strong>rur-</strong></span> 
     </span>
     <span class='ocr_line' id='line_1_15' title="bbox 263 1867 2467 1955; baseline 0 -21"><span class='ocrx_word' id='word_1_108' title='bbox 263 1886 388 1934; x_wconf 86' lang='lat' dir='ltr'><strong>sus</strong></span> <span class='ocrx_word' id='word_1_109' title='bbox 415 1887 614 1935; x_wconf 86' lang='lat' dir='ltr'><strong>cursu</strong></span> <span class='ocrx_word' id='word_1_110' title='bbox 645 1867 843 1935; x_wconf 86' lang='lat' dir='ltr'><strong>Cales</strong></span> <span class='ocrx_word' id='word_1_111' title='bbox 869 1869 1175 1955; x_wconf 89' lang='lat' dir='ltr'><strong>primum,</strong></span> <span class='ocrx_word' id='word_1_112' title='bbox 1220 1869 1374 1937; x_wconf 83' lang='lat' dir='ltr'><strong>iude</strong></span> <span class='ocrx_word' id='word_1_113' title='bbox 1402 1888 1614 1955; x_wconf 83' lang='lat' dir='ltr'><strong>prope</strong></span> <span class='ocrx_word' id='word_1_114' title='bbox 1642 1869 1843 1935; x_wconf 84' lang='lat' dir='ltr'><strong>inviis</strong></span> <span class='ocrx_word' id='word_1_115' title='bbox 1872 1869 2165 1935; x_wconf 90' lang='lat' dir='ltr'><strong>callibus</strong></span> <span class='ocrx_word' id='word_1_116' title='bbox 2210 1869 2295 1935; x_wconf 85' lang='lat' dir='ltr'><strong>ad</strong></span> <span class='ocrx_word' id='word_1_117' title='bbox 2325 1870 2467 1936; x_wconf 87' lang='lat' dir='ltr'><strong>dic-</strong></span> 
     </span>
     <span class='ocr_line' id='line_1_16' title="bbox 263 1972 2464 2059; baseline -0 -22"><span class='ocrx_word' id='word_1_118' title='bbox 263 1978 554 2038; x_wconf 84' lang='lat' dir='ltr'><strong>tatorem</strong></span> <span class='ocrx_word' id='word_1_119' title='bbox 596 1972 1051 2056; x_wconf 70' lang='lat' dir='ltr'><strong>pei-fugerunt.</strong></span> <span class='ocrx_word' id='word_1_120' title='bbox 1140 1973 1242 2039; x_wconf 88' lang='lat' dir='ltr'><strong>Eo</strong></span> <span class='ocrx_word' id='word_1_121' title='bbox 1272 1972 1440 2039; x_wconf 82' lang='lat' dir='ltr'><strong>sorte</strong></span> <span class='ocrx_word' id='word_1_122' title='bbox 1471 1972 1583 2038; x_wconf 88' lang='lat' dir='ltr'><strong>die</strong></span> <span class='ocrx_word' id='word_1_123' title='bbox 1618 1972 1964 2040; x_wconf 86' lang='lat' dir='ltr'><strong>Minucius</strong></span> <span class='ocrx_word' id='word_1_124' title='bbox 2018 1993 2093 2040; x_wconf 84' lang='lat' dir='ltr'><strong>se</strong></span> <span class='ocrx_word' id='word_1_125' title='bbox 2140 1972 2464 2059; x_wconf 82' lang='lat' dir='ltr'><strong>conjunx-</strong></span> 
     </span>
     <span class='ocr_line' id='line_1_17' title="bbox 266 2074 2467 2161; baseline 0 -21"><span class='ocrx_word' id='word_1_126' title='bbox 266 2082 421 2140; x_wconf 85' lang='lat' dir='ltr'><strong>erat</strong></span> <span class='ocrx_word' id='word_1_127' title='bbox 471 2074 710 2154; x_wconf 89' lang='lat' dir='ltr'><strong>Fabio,</strong></span> <span class='ocrx_word' id='word_1_128' title='bbox 768 2076 1012 2141; x_wconf 87' lang='lat' dir='ltr'><strong>missus</strong></span> <span class='ocrx_word' id='word_1_129' title='bbox 1058 2076 1144 2141; x_wconf 85' lang='lat' dir='ltr'><strong>ad</strong></span> <span class='ocrx_word' id='word_1_130' title='bbox 1199 2076 1591 2143; x_wconf 88' lang='lat' dir='ltr'><strong>firmandum</strong></span> <span class='ocrx_word' id='word_1_131' title='bbox 1644 2077 1962 2161; x_wconf 76' lang='lat' dir='ltr'><strong>praesidio</strong></span> <span class='ocrx_word' id='word_1_132' title='bbox 2013 2078 2286 2155; x_wconf 85' lang='lat' dir='ltr'><strong>saltum,</strong></span> <span class='ocrx_word' id='word_1_133' title='bbox 2346 2076 2467 2161; x_wconf 91' lang='lat' dir='ltr'><strong>qui</strong></span> 
     </span>
     <span class='ocr_line' id='line_1_18' title="bbox 268 2177 2466 2262; baseline 0 -18"><span class='ocrx_word' id='word_1_134' title='bbox 268 2198 480 2262; x_wconf 90' lang='lat' dir='ltr'><strong>super</strong></span> <span class='ocrx_word' id='word_1_135' title='bbox 505 2177 962 2259; x_wconf 82' lang='lat' dir='ltr'><strong>Tarracinam,</strong></span> <span class='ocrx_word' id='word_1_136' title='bbox 993 2180 1065 2245; x_wconf 88' lang='lat' dir='ltr'><strong>in</strong></span> <span class='ocrx_word' id='word_1_137' title='bbox 1092 2184 1313 2247; x_wconf 86' lang='lat' dir='ltr'><strong>arctas</strong></span> <span class='ocrx_word' id='word_1_138' title='bbox 1344 2187 1630 2245; x_wconf 85' lang='lat' dir='ltr'><strong>coactus</strong></span> <span class='ocrx_word' id='word_1_139' title='bbox 1658 2180 1919 2260; x_wconf 58' lang='lat' dir='ltr'><strong>fauces»,</strong></span> <span class='ocrx_word' id='word_1_140' title='bbox 1949 2181 2247 2246; x_wconf 86' lang='lat' dir='ltr'><strong>imminet</strong></span> <span class='ocrx_word' id='word_1_141' title='bbox 2272 2181 2466 2260; x_wconf 84' lang='lat' dir='ltr'><strong>mari,</strong></span> 
     </span>
     <span class='ocr_line' id='line_1_19' title="bbox 265 2280 2467 2369; baseline 0 -23"><span class='ocrx_word' id='word_1_142' title='bbox 265 2299 356 2346; x_wconf 90' lang='lat' dir='ltr'><strong>ne</strong></span> <span class='ocrx_word' id='word_1_143' title='bbox 383 2280 728 2347; x_wconf 89' lang='lat' dir='ltr'><strong>immunito</strong></span> <span class='ocrx_word' id='word_1_144' title='bbox 755 2281 1012 2367; x_wconf 82' lang='lat' dir='ltr'><strong>Appiae</strong></span> <span class='ocrx_word' id='word_1_145' title='bbox 1061 2283 1279 2348; x_wconf 86' lang='lat' dir='ltr'><strong>limite</strong></span> <span class='ocrx_word' id='word_1_146' title='bbox 1304 2280 1400 2322; x_wconf 83' lang='lat'>²0¹²</span> <span class='ocrx_word' id='word_1_147' title='bbox 1445 2282 1701 2348; x_wconf 90' lang='lat' dir='ltr'><strong>Poenus</strong></span> <span class='ocrx_word' id='word_1_148' title='bbox 1751 2284 2102 2369; x_wconf 85' lang='lat' dir='ltr'><strong>pervenire</strong></span> <span class='ocrx_word' id='word_1_149' title='bbox 2135 2284 2205 2348; x_wconf 88' lang='lat' dir='ltr'><strong>iu</strong></span> <span class='ocrx_word' id='word_1_150' title='bbox 2233 2283 2467 2366; x_wconf 83' lang='lat' dir='ltr'><strong>agrum</strong></span> 
     </span>
     <span class='ocr_line' id='line_1_20' title="bbox 270 2381 2469 2472; baseline -0 -23"><span class='ocrx_word' id='word_1_151' title='bbox 270 2381 656 2450; x_wconf 87' lang='lat' dir='ltr'><strong>Romanum</strong></span> <span class='ocrx_word' id='word_1_152' title='bbox 689 2390 936 2469; x_wconf 85' lang='lat' dir='ltr'><strong>posset.</strong></span> <span class='ocrx_word' id='word_1_153' title='bbox 1027 2383 1418 2472; x_wconf 82' lang='lat' dir='ltr'><strong>conjunctis</strong></span> <span class='ocrx_word' id='word_1_154' title='bbox 1462 2385 1872 2451; x_wconf 76' lang='lat' dir='ltr'><strong>exercitibus</strong></span> <span class='ocrx_word' id='word_1_155' title='bbox 1903 2385 2192 2451; x_wconf 87' lang='lat' dir='ltr'><strong>dictator</strong></span> <span class='ocrx_word' id='word_1_156' title='bbox 2214 2403 2298 2450; x_wconf 85' lang='lat' dir='ltr'><strong>ac</strong></span> <span class='ocrx_word' id='word_1_157' title='bbox 2325 2404 2469 2449; x_wconf 85' lang='lat' dir='ltr'><strong>ma-</strong></span> 
     </span>
     <span class='ocr_line' id='line_1_21' title="bbox 269 2486 2467 2575; baseline 0 -24"><span class='ocrx_word' id='word_1_158' title='bbox 269 2488 475 2571; x_wconf 83' lang='lat' dir='ltr'><strong>gister</strong></span> <span class='ocrx_word' id='word_1_159' title='bbox 493 2488 787 2572; x_wconf 87' lang='lat' dir='ltr'><strong>equitum</strong></span> <span class='ocrx_word' id='word_1_160' title='bbox 815 2493 1037 2554; x_wconf 86' lang='lat' dir='ltr'><strong>castra</strong></span> <span class='ocrx_word' id='word_1_161' title='bbox 1065 2488 1137 2554; x_wconf 88' lang='lat' dir='ltr'><strong>in</strong></span> <span class='ocrx_word' id='word_1_162' title='bbox 1165 2489 1346 2556; x_wconf 83' lang='lat' dir='ltr'><strong>viam</strong></span> <span class='ocrx_word' id='word_1_163' title='bbox 1377 2487 1710 2568; x_wconf 80' lang='lat' dir='ltr'><strong>deserunt,</strong></span> <span class='ocrx_word' id='word_1_164' title='bbox 1747 2508 1889 2575; x_wconf 88' lang='lat' dir='ltr'><strong>qua</strong></span> <span class='ocrx_word' id='word_1_165' title='bbox 1930 2487 2277 2554; x_wconf 82' lang='lat' dir='ltr'><strong>Hannibal</strong></span> <span class='ocrx_word' id='word_1_166' title='bbox 2306 2486 2467 2552; x_wconf 84' lang='lat' dir='ltr'><strong>duc-</strong></span> 
     </span>
     <span class='ocr_line' id='line_1_22' title="bbox 269 2591 1911 2658; baseline 0.001 -3"><span class='ocrx_word' id='word_1_167' title='bbox 269 2595 468 2656; x_wconf 84' lang='lat' dir='ltr'><strong>turus</strong></span> <span class='ocrx_word' id='word_1_168' title='bbox 499 2597 667 2656; x_wconf 88' lang='lat' dir='ltr'><strong>erat.</strong></span> <span class='ocrx_word' id='word_1_169' title='bbox 756 2591 912 2657; x_wconf 87' lang='lat' dir='ltr'><strong>Duo</strong></span> <span class='ocrx_word' id='word_1_170' title='bbox 941 2592 1093 2656; x_wconf 88' lang='lat' dir='ltr'><strong>inde</strong></span> <span class='ocrx_word' id='word_1_171' title='bbox 1123 2592 1328 2658; x_wconf 86' lang='lat' dir='ltr'><strong>millia</strong></span> <span class='ocrx_word' id='word_1_172' title='bbox 1357 2592 1588 2658; x_wconf 86' lang='lat' dir='ltr'><strong>hostes</strong></span> <span class='ocrx_word' id='word_1_173' title='bbox 1612 2592 1911 2657; x_wconf 87' lang='lat' dir='ltr'><strong>aberant.</strong></span> 
     </span>
    </p>

    <p class='ocr_par' dir='ltr' id='par_1_5' title="bbox 273 2685 2471 3090">
     <span class='ocr_line' id='line_1_23' title="bbox 358 2685 2468 2779; baseline -0.001 -20"><span class='ocrx_word' id='word_1_174' title='bbox 358 2694 468 2761; x_wconf 89' lang='lat'><strong>16.</strong></span> <span class='ocrx_word' id='word_1_175' title='bbox 515 2695 803 2761; x_wconf 86' lang='lat' dir='ltr'><strong>Postero</strong></span> <span class='ocrx_word' id='word_1_176' title='bbox 837 2694 946 2760; x_wconf 88' lang='lat' dir='ltr'><strong>die</strong></span> <span class='ocrx_word' id='word_1_177' title='bbox 977 2685 1204 2774; x_wconf 83' lang='lat' dir='ltr'><strong>Poeni,</strong></span> <span class='ocrx_word' id='word_1_178' title='bbox 1254 2694 1436 2779; x_wconf 83' lang='lat' dir='ltr'><strong>quod</strong></span> <span class='ocrx_word' id='word_1_179' title='bbox 1485 2696 1616 2761; x_wconf 77' lang='lat' dir='ltr'><strong>vioe</strong></span> <span class='ocrx_word' id='word_1_180' title='bbox 1660 2693 1832 2760; x_wconf 87' lang='lat' dir='ltr'><strong>inter</strong></span> <span class='ocrx_word' id='word_1_181' title='bbox 1860 2685 2023 2760; x_wconf 90' lang='lat' dir='ltr'><strong>bina</strong></span> <span class='ocrx_word' id='word_1_182' title='bbox 2051 2700 2276 2760; x_wconf 86' lang='lat' dir='ltr'><strong>castra</strong></span> <span class='ocrx_word' id='word_1_183' title='bbox 2303 2699 2468 2773; x_wconf 81' lang='lat' dir='ltr'><strong>erat,</strong></span> 
     </span>
     <span class='ocr_line' id='line_1_24' title="bbox 273 2796 2471 2882; baseline -0 -21"><span class='ocrx_word' id='word_1_184' title='bbox 273 2797 541 2880; x_wconf 85' lang='lat' dir='ltr'><strong>agmine</strong></span> <span class='ocrx_word' id='word_1_185' title='bbox 572 2798 1012 2882; x_wconf 81' lang='lat' dir='ltr'><strong>complevere.</strong></span> <span class='ocrx_word' id='word_1_186' title='bbox 1102 2797 1271 2864; x_wconf 84' lang='lat' dir='ltr'><strong>Cum</strong></span> <span class='ocrx_word' id='word_1_187' title='bbox 1316 2796 1611 2863; x_wconf 88' lang='lat' dir='ltr'><strong>Romani</strong></span> <span class='ocrx_word' id='word_1_188' title='bbox 1659 2798 1782 2863; x_wconf 88' lang='lat' dir='ltr'><strong>sub</strong></span> <span class='ocrx_word' id='word_1_189' title='bbox 1829 2799 1982 2882; x_wconf 88' lang='lat' dir='ltr'><strong>ipso</strong></span> <span class='ocrx_word' id='word_1_190' title='bbox 2014 2796 2471 2862; x_wconf 88' lang='lat' dir='ltr'><strong>constitissent</strong></span> 
     </span>
     <span class='ocr_line' id='line_1_25' title="bbox 273 2899 2471 2985; baseline -0.002 -19"><span class='ocrx_word' id='word_1_191' title='bbox 273 2900 487 2980; x_wconf 78' lang='lat' dir='ltr'><strong>vallo,</strong></span> <span class='ocrx_word' id='word_1_192' title='bbox 538 2900 715 2966; x_wconf 88' lang='lat' dir='ltr'><strong>baud</strong></span> <span class='ocrx_word' id='word_1_193' title='bbox 762 2900 967 2966; x_wconf 87' lang='lat' dir='ltr'><strong>dubie</strong></span> <span class='ocrx_word' id='word_1_194' title='bbox 1012 2901 1308 2985; x_wconf 83' lang='lat' dir='ltr'><strong>aequiore</strong></span> <span class='ocrx_word' id='word_1_195' title='bbox 1356 2901 1541 2980; x_wconf 90' lang='lat' dir='ltr'><strong>loco,</strong></span> <span class='ocrx_word' id='word_1_196' title='bbox 1588 2901 1920 2967; x_wconf 85' lang='lat' dir='ltr'><strong>successit</strong></span> <span class='ocrx_word' id='word_1_197' title='bbox 1958 2908 2181 2966; x_wconf 87' lang='lat' dir='ltr'><strong>tamen</strong></span> <span class='ocrx_word' id='word_1_198' title='bbox 2209 2899 2471 2964; x_wconf 87' lang='lat' dir='ltr'><strong>Poenus</strong></span> 
     </span>
     <span class='ocr_line' id='line_1_26' title="bbox 274 3001 2470 3090; baseline -0.002 -19"><span class='ocrx_word' id='word_1_199' title='bbox 274 3023 427 3071; x_wconf 82' lang='lat' dir='ltr'><strong>cum</strong></span> <span class='ocrx_word' id='word_1_200' title='bbox 482 3001 822 3090; x_wconf 83' lang='lat' dir='ltr'><strong>expeditis</strong></span> <span class='ocrx_word' id='word_1_201' title='bbox 872 3005 1257 3089; x_wconf 85' lang='lat' dir='ltr'><strong>equitibus,¹</strong></span> <span class='ocrx_word' id='word_1_202' title='bbox 1311 3012 1513 3090; x_wconf 84' lang='lat' dir='ltr'><strong>atque</strong></span> <span class='ocrx_word' id='word_1_203' title='bbox 1566 3002 1654 3070; x_wconf 79' lang='lat' dir='ltr'><strong>ad</strong></span> <span class='ocrx_word' id='word_1_204' title='bbox 1699 3003 2164 3071; x_wconf 88' lang='lat' dir='ltr'><strong>lacessendum</strong></span> <span class='ocrx_word' id='word_1_205' title='bbox 2203 3003 2470 3068; x_wconf 81' lang='lat' dir='ltr'><strong>hostem</strong></span> 
     </span>
    </p>
   </div>
   <div class='ocr_carea' id='block_1_5' title="bbox 329 3179 2175 3319">
    <p class='ocr_par' dir='ltr' id='par_1_6' title="bbox 329 3179 2175 3319">
     <span class='ocr_line' id='line_1_27' title="bbox 329 3179 2175 3240; baseline -0.001 -1"><span class='ocrx_word' id='word_1_206' title='bbox 329 3184 367 3231; x_wconf 76' lang='lat' dir='ltr'><em>s</em></span> <span class='ocrx_word' id='word_1_207' title='bbox 392 3179 579 3239; x_wconf 71' lang='lat' dir='ltr'><strong>Statim</strong></span> <span class='ocrx_word' id='word_1_208' title='bbox 603 3185 811 3238; x_wconf 67' lang='lat' dir='ltr'><strong>Hostilii</strong></span> <span class='ocrx_word' id='word_1_209' title='bbox 833 3188 1055 3239; x_wconf 77' lang='lat' dir='ltr'><strong>Mancini</strong></span> <span class='ocrx_word' id='word_1_210' title='bbox 1074 3187 1286 3239; x_wconf 61' lang='lat' dir='ltr'><strong>maman</strong></span> <span class='ocrx_word' id='word_1_211' title='bbox 1306 3186 1484 3239; x_wconf 67' lang='lat' dir='ltr'><strong>invasit</strong></span> <span class='ocrx_word' id='word_1_212' title='bbox 1504 3188 1649 3238; x_wconf 68' lang='grc' dir='ltr'><strong><em>πᾶσι·</em></strong></span> <span class='ocrx_word' id='word_1_213' title='bbox 1666 3187 1869 3239; x_wconf 69' lang='lat' dir='ltr'><strong>ineundi</strong></span> <span class='ocrx_word' id='word_1_214' title='bbox 1886 3187 2175 3240; x_wconf 71' lang='lat' dir='ltr'><strong>emminie.</strong></span> 
     </span>
     <span class='ocr_line' id='line_1_28' title="bbox 339 3253 1171 3319; baseline 0 -16"><span class='ocrx_word' id='word_1_215' title='bbox 339 3262 368 3297; x_wconf 72' lang='lat'><em>8</em></span> <span class='ocrx_word' id='word_1_216' title='bbox 404 3253 648 3304; x_wconf 69' lang='lat' dir='ltr'><strong>Renum</strong></span> <span class='ocrx_word' id='word_1_217' title='bbox 667 3254 720 3304; x_wconf 70' lang='lat' dir='ltr'><strong>ia</strong></span> <span class='ocrx_word' id='word_1_218' title='bbox 731 3254 910 3319; x_wconf 71' lang='lat' dir='ltr'><strong>sugam</strong></span> <span class='ocrx_word' id='word_1_219' title='bbox 930 3255 1171 3305; x_wconf 73' lang='lat' dir='ltr'><strong>vertisset.</strong></span> 
     </span>
    </p>
   </div>
   <div class='ocr_carea' id='block_1_6' title="bbox 1193 3373 1564 3406">
    <p class='ocr_par' dir='ltr' id='par_1_7' title="bbox 1193 3373 1564 3406">
     <span class='ocr_line' id='line_1_29' title="bbox 1193 3373 1564 3406; baseline -0.008 0"><span class='ocrx_word' id='word_1_220' title='bbox 1193 3373 1564 3406; x_wconf 60' lang='lat' dir='ltr'><strong>mmm</strong></span> 
     </span>
    </p>
   </div>
   <div class='ocr_carea' id='block_1_7' title="bbox 269 3473 2478 3811">
    <p class='ocr_par' dir='ltr' id='par_1_8' title="bbox 269 3473 2478 3744">
     <span class='ocr_line' id='line_1_30' title="bbox 269 3473 2477 3549; baseline -0.002 -14"><span class='ocrx_word' id='word_1_221' title='bbox 269 3483 538 3549; x_wconf 69' lang='lat' dir='ltr'><strong>plor-tom</strong></span> <span class='ocrx_word' id='word_1_222' title='bbox 564 3496 645 3533; x_wconf 73' lang='lat' dir='ltr'><strong>res</strong></span> <span class='ocrx_word' id='word_1_223' title='bbox 667 3484 822 3533; x_wconf 69' lang='lat' dir='ltr'><strong>relata</strong></span> <span class='ocrx_word' id='word_1_224' title='bbox 853 3483 1153 3535; x_wconf 43' lang='lat' dir='ltr'><strong>faba—18</strong></span> <span class='ocrx_word' id='word_1_225' title='bbox 1186 3483 1272 3536; x_wconf 85' lang='grc' dir='ltr'><strong>ΑΙ.</strong></span> <span class='ocrx_word' id='word_1_226' title='bbox 1296 3485 1552 3536; x_wconf 62' lang='lat' dir='ltr'><strong>Falernum</strong></span> <span class='ocrx_word' id='word_1_227' title='bbox 1578 3497 1612 3533; x_wconf 69' lang='grc' dir='ltr'>ι</span> <span class='ocrx_word' id='word_1_228' title='bbox 1635 3482 1875 3547; x_wconf 60' lang='lat' dir='ltr'><strong>Campano</strong></span> <span class='ocrx_word' id='word_1_229' title='bbox 1894 3495 2012 3545; x_wconf 73' lang='lat' dir='ltr'><strong>agro</strong></span> <span class='ocrx_word' id='word_1_230' title='bbox 2030 3479 2357 3532; x_wconf 62' lang='lat' dir='ltr'><strong>dividia—19</strong></span> <span class='ocrx_word' id='word_1_231' title='bbox 2387 3473 2477 3531; x_wconf 68' lang='lat' dir='ltr'><strong>Al.</strong></span> 
     </span>
     <span class='ocr_line' id='line_1_31' title="bbox 275 3546 2477 3615; baseline -0.001 -16"><span class='ocrx_word' id='word_1_232' title='bbox 275 3552 358 3614; x_wconf 70' lang='lat' dir='ltr'><strong>qai</strong></span> <span class='ocrx_word' id='word_1_233' title='bbox 377 3564 524 3613; x_wconf 71' lang='lat' dir='ltr'><strong>quum</strong></span> <span class='ocrx_word' id='word_1_234' title='bbox 545 3553 666 3598; x_wconf 65' lang='lat' dir='ltr'><strong>tulo·</strong></span> <span class='ocrx_word' id='word_1_235' title='bbox 732 3549 855 3600; x_wconf 70' lang='lat' dir='ltr'><strong>Put-</strong></span> <span class='ocrx_word' id='word_1_236' title='bbox 882 3554 1166 3614; x_wconf 60' lang='grc' dir='ltr'><strong>φωνὴ-20</strong></span> <span class='ocrx_word' id='word_1_237' title='bbox 1199 3551 1215 3578; x_wconf 91' lang='lat'>‘</span> <span class='ocrx_word' id='word_1_238' title='bbox 1237 3551 1305 3600; x_wconf 89' lang='lat' dir='ltr'><strong>In</strong></span> <span class='ocrx_word' id='word_1_239' title='bbox 1327 3550 1534 3615; x_wconf 75' lang='lat' dir='ltr'><strong>optimis</strong></span> <span class='ocrx_word' id='word_1_240' title='bbox 1554 3549 1688 3598; x_wconf 69' lang='lat' dir='ltr'><strong>Mes.</strong></span> <span class='ocrx_word' id='word_1_241' title='bbox 1708 3563 1785 3598; x_wconf 72' lang='lat' dir='ltr'><strong>m</strong></span> <span class='ocrx_word' id='word_1_242' title='bbox 1802 3548 2085 3598; x_wconf 54' lang='lat' dir='ltr'><strong>&amp;adaniae</strong></span> <span class='ocrx_word' id='word_1_243' title='bbox 2106 3548 2284 3597; x_wconf 68' lang='lat' dir='ltr'><strong>Panno</strong></span> <span class='ocrx_word' id='word_1_244' title='bbox 2304 3546 2477 3609; x_wconf 69' lang='lat' dir='ltr'><strong>Appia</strong></span> 
     </span>
     <span class='ocr_line' id='line_1_32' title="bbox 275 3609 2478 3681; baseline -0.002 -17"><span class='ocrx_word' id='word_1_245' title='bbox 275 3615 462 3665; x_wconf 64' lang='lat' dir='ltr'><strong>limite.-</strong></span> <span class='ocrx_word' id='word_1_246' title='bbox 507 3613 644 3664; x_wconf 81' lang='lat' dir='ltr'><strong>uude</strong></span> <span class='ocrx_word' id='word_1_247' title='bbox 673 3613 837 3665; x_wconf 81' lang='lat' dir='ltr'><strong>Gron.</strong></span> <span class='ocrx_word' id='word_1_248' title='bbox 868 3615 1136 3679; x_wconf 78' lang='lat' dir='ltr'><strong>ingeniose</strong></span> <span class='ocrx_word' id='word_1_249' title='bbox 1166 3615 1309 3681; x_wconf 78' lang='lat' dir='ltr'><strong>conj.</strong></span> <span class='ocrx_word' id='word_1_250' title='bbox 1342 3631 1402 3666; x_wconf 74' lang='lat' dir='ltr'><strong>ne</strong></span> <span class='ocrx_word' id='word_1_251' title='bbox 1432 3614 1493 3664; x_wconf 69' lang='lat' dir='ltr'><strong>ab</strong></span> <span class='ocrx_word' id='word_1_252' title='bbox 1522 3612 1748 3664; x_wconf 68' lang='lat' dir='ltr'><strong>Sinum</strong></span> <span class='ocrx_word' id='word_1_253' title='bbox 1776 3614 1956 3663; x_wconf 72' lang='lat' dir='ltr'><strong>Poem</strong></span> <span class='ocrx_word' id='word_1_254' title='bbox 1983 3611 2154 3677; x_wconf 77' lang='lat' dir='ltr'><strong>Appia</strong></span> <span class='ocrx_word' id='word_1_255' title='bbox 2179 3611 2328 3661; x_wconf 61' lang='grc' dir='ltr'><strong>Κηϊα</strong></span> <span class='ocrx_word' id='word_1_256' title='bbox 2358 3609 2478 3661; x_wconf 56' lang='lat' dir='ltr'><strong>cet?</strong></span> 
     </span>
     <span class='ocr_line' id='line_1_33' title="bbox 278 3680 2075 3744; baseline -0.003 -14"><span class='ocrx_word' id='word_1_257' title='bbox 278 3680 491 3744; x_wconf 64' lang='lat' dir='ltr'><strong>Rapa-t.</strong></span> <span class='ocrx_word' id='word_1_258' title='bbox 2068 3711 2075 3716; x_wconf 81' lang='lat'>-</span> 
     </span>
    </p>

    <p class='ocr_par' dir='ltr' id='par_1_9' title="bbox 345 3737 2478 3811">
     <span class='ocr_line' id='line_1_34' title="bbox 345 3737 2478 3811; baseline -0.003 -15"><span class='ocrx_word' id='word_1_259' title='bbox 345 3752 376 3796; x_wconf 87' lang='lat' dir='ltr'>l</span> <span class='ocrx_word' id='word_1_260' title='bbox 409 3747 427 3774; x_wconf 86' lang='lat'>‘</span> <span class='ocrx_word' id='word_1_261' title='bbox 449 3743 709 3809; x_wconf 54' lang='lat' dir='ltr'><strong>Expedit&amp;</strong></span> <span class='ocrx_word' id='word_1_262' title='bbox 736 3746 1059 3811; x_wconf 69' lang='lat' dir='ltr'><strong>equitibusque</strong></span> <span class='ocrx_word' id='word_1_263' title='bbox 1089 3745 1283 3798; x_wconf 75' lang='lat' dir='ltr'><strong>rectius</strong></span> <span class='ocrx_word' id='word_1_264' title='bbox 1313 3744 1450 3797; x_wconf 79' lang='lat' dir='ltr'><strong>forte</strong></span> <span class='ocrx_word' id='word_1_265' title='bbox 1483 3744 1670 3811; x_wconf 66' lang='lat' dir='ltr'><strong>optimi</strong></span> <span class='ocrx_word' id='word_1_266' title='bbox 1698 3743 1831 3794; x_wconf 74' lang='lat' dir='ltr'><strong>Mu.</strong></span> <span class='ocrx_word' id='word_1_267' title='bbox 1860 3741 2006 3808; x_wconf 85' lang='lat' dir='ltr'><strong>prob.</strong></span> <span class='ocrx_word' id='word_1_268' title='bbox 2031 3737 2244 3792; x_wconf 62' lang='lat' dir='ltr'><strong>Stroth?</strong></span> <span class='ocrx_word' id='word_1_269' title='bbox 2274 3739 2478 3804; x_wconf 70' lang='lat' dir='ltr'><strong>Rupere.</strong></span> 
     </span>
    </p>
   </div>
   <div class='ocr_carea' id='block_1_8' title="bbox 1282 3891 1501 3947">
    <p class='ocr_par' dir='ltr' id='par_1_10' title="bbox 1282 3891 1501 3947">
     <span class='ocr_line' id='line_1_35' title="bbox 1282 3891 1501 3947; baseline 0.005 -1"><span class='ocrx_word' id='word_1_270' title='bbox 1282 3891 1501 3947; x_wconf 74' lang='lat' dir='ltr'><strong>NOTAE</strong></span> 
     </span>
    </p>
   </div>
   <div class='ocr_carea' id='block_1_9' title="bbox 276 3974 2482 4368">
    <p class='ocr_par' dir='ltr' id='par_1_11' title="bbox 276 3974 2482 4368">
     <span class='ocr_line' id='line_1_36' title="bbox 343 3974 2479 4061; baseline -0.004 -16"><span class='ocrx_word' id='word_1_271' title='bbox 343 3992 370 4030; x_wconf 65' lang='grc' dir='ltr'>δ</span> <span class='ocrx_word' id='word_1_272' title='bbox 405 3994 488 4045; x_wconf 75' lang='lat' dir='ltr'><strong>Ne</strong></span> <span class='ocrx_word' id='word_1_273' title='bbox 524 3993 775 4043; x_wconf 69' lang='lat' dir='ltr'><strong>immnito</strong></span> <span class='ocrx_word' id='word_1_274' title='bbox 815 3992 992 4058; x_wconf 72' lang='lat' dir='ltr'><strong>Appia</strong></span> <span class='ocrx_word' id='word_1_275' title='bbox 1032 3992 1209 4057; x_wconf 63' lang='lat' dir='ltr'><strong>tinniit]</strong></span> <span class='ocrx_word' id='word_1_276' title='bbox 1243 3993 1341 4044; x_wconf 77' lang='lat' dir='ltr'><strong>Via</strong></span> <span class='ocrx_word' id='word_1_277' title='bbox 1422 4000 1539 4061; x_wconf 74' lang='lat' dir='ltr'><strong>quae</strong></span> <span class='ocrx_word' id='word_1_278' title='bbox 1563 4006 1724 4056; x_wconf 70' lang='lat' dir='ltr'><strong>cupra</strong></span> <span class='ocrx_word' id='word_1_279' title='bbox 1744 3984 2359 4053; x_wconf 67' lang='lat' dir='ltr'><strong>Tarracinam‚prn⁸idiis</strong></span> <span class='ocrx_word' id='word_1_280' title='bbox 2377 3974 2479 4038; x_wconf 73' lang='lat' dir='ltr'><strong>Ro·</strong></span> 
     </span>
     <span class='ocr_line' id='line_1_37' title="bbox 276 4057 2479 4137; baseline -0.004 -14"><span class='ocrx_word' id='word_1_281' title='bbox 276 4073 461 4137; x_wconf 77' lang='lat' dir='ltr'><strong>Appia</strong></span> <span class='ocrx_word' id='word_1_282' title='bbox 488 4071 554 4120; x_wconf 84' lang='lat' dir='ltr'><strong>ab</strong></span> <span class='ocrx_word' id='word_1_283' title='bbox 593 4071 723 4122; x_wconf 81' lang='lat' dir='ltr'><strong>urbe</strong></span> <span class='ocrx_word' id='word_1_284' title='bbox 761 4085 857 4134; x_wconf 81' lang='lat' dir='ltr'><strong>per</strong></span> <span class='ocrx_word' id='word_1_285' title='bbox 891 4067 1025 4121; x_wconf 81' lang='lat' dir='ltr'><strong>Latii</strong></span> <span class='ocrx_word' id='word_1_286' title='bbox 1068 4071 1340 4133; x_wconf 75' lang='lat' dir='ltr'><strong>maritima,</strong></span> <span class='ocrx_word' id='word_1_287' title='bbox 1420 4084 1690 4122; x_wconf 84' lang='lat' dir='ltr'><strong>manorum</strong></span> <span class='ocrx_word' id='word_1_288' title='bbox 1714 4065 2198 4131; x_wconf 62' lang='lat' dir='ltr'><strong>occupatarfuisse,</strong></span> <span class='ocrx_word' id='word_1_289' title='bbox 2235 4078 2302 4114; x_wconf 82' lang='lat' dir='ltr'><strong>ne</strong></span> <span class='ocrx_word' id='word_1_290' title='bbox 2330 4064 2374 4114; x_wconf 74' lang='lat' dir='ltr'><strong>si</strong></span> <span class='ocrx_word' id='word_1_291' title='bbox 2397 4057 2479 4114; x_wconf 82' lang='lat' dir='ltr'><strong>bic</strong></span> 
     </span>
     <span class='ocr_line' id='line_1_38' title="bbox 278 4142 2479 4210; baseline -0.003 -13"><span class='ocrx_word' id='word_1_292' title='bbox 278 4149 601 4207; x_wconf 75' lang='lat' dir='ltr'><strong>Sinuessam,</strong></span> <span class='ocrx_word' id='word_1_293' title='bbox 636 4153 694 4196; x_wconf 81' lang='lat' dir='ltr'><strong>et</strong></span> <span class='ocrx_word' id='word_1_294' title='bbox 723 4146 778 4195; x_wconf 89' lang='lat' dir='ltr'><strong>in</strong></span> <span class='ocrx_word' id='word_1_295' title='bbox 816 4145 1186 4210; x_wconf 73' lang='lat' dir='ltr'><strong>Campaniam3</strong></span> <span class='ocrx_word' id='word_1_296' title='bbox 1218 4145 1342 4196; x_wconf 83' lang='lat' dir='ltr'><strong>inde</strong></span> <span class='ocrx_word' id='word_1_297' title='bbox 1421 4148 1522 4197; x_wconf 75' lang='lat' dir='ltr'><strong>vioe</strong></span> <span class='ocrx_word' id='word_1_298' title='bbox 1544 4145 1731 4210; x_wconf 76' lang='lat' dir='ltr'><strong>Appiae</strong></span> <span class='ocrx_word' id='word_1_299' title='bbox 1751 4145 1916 4202; x_wconf 80' lang='lat' dir='ltr'><strong>limes,</strong></span> <span class='ocrx_word' id='word_1_300' title='bbox 1948 4143 2037 4209; x_wconf 83' lang='lat' dir='ltr'><strong>qni</strong></span> <span class='ocrx_word' id='word_1_301' title='bbox 2071 4142 2399 4193; x_wconf 76' lang='lat' dir='ltr'><strong>Tarracinam</strong></span> <span class='ocrx_word' id='word_1_302' title='bbox 2422 4148 2479 4192; x_wconf 86' lang='lat' dir='ltr'><strong>et</strong></span> 
     </span>
     <span class='ocr_line' id='line_1_39' title="bbox 279 4211 2477 4289; baseline -0.004 -14"><span class='ocrx_word' id='word_1_303' title='bbox 279 4226 335 4275; x_wconf 89' lang='lat' dir='ltr'><strong>in</strong></span> <span class='ocrx_word' id='word_1_304' title='bbox 363 4211 608 4289; x_wconf 63' lang='lat' dir='ltr'><strong>¹Apuliam</strong></span> <span class='ocrx_word' id='word_1_305' title='bbox 633 4231 689 4273; x_wconf 82' lang='lat' dir='ltr'><strong>et</strong></span> <span class='ocrx_word' id='word_1_306' title='bbox 705 4223 1053 4274; x_wconf 78' lang='lat' dir='ltr'><strong>Brundusium</strong></span> <span class='ocrx_word' id='word_1_307' title='bbox 1071 4238 1231 4289; x_wconf 80' lang='lat' dir='ltr'><strong>usque</strong></span> <span class='ocrx_word' id='word_1_308' title='bbox 1248 4221 1341 4274; x_wconf 89' lang='lat' dir='ltr'><strong>du·</strong></span> <span class='ocrx_word' id='word_1_309' title='bbox 1422 4223 1718 4274; x_wconf 73' lang='lat' dir='ltr'><strong>Sinuessam</strong></span> <span class='ocrx_word' id='word_1_310' title='bbox 1761 4220 2052 4285; x_wconf 74' lang='lat' dir='ltr'><strong>interjacet,</strong></span> <span class='ocrx_word' id='word_1_311' title='bbox 2088 4223 2302 4282; x_wconf 73' lang='lat' dir='ltr'><strong>apertus</strong></span> <span class='ocrx_word' id='word_1_312' title='bbox 2339 4217 2477 4268; x_wconf 76' lang='lat' dir='ltr'><strong>hosti</strong></span> 
     </span>
     <span class='ocr_line' id='line_1_40' title="bbox 286 4289 2482 4368; baseline -0.002 -17"><span class='ocrx_word' id='word_1_313' title='bbox 286 4300 466 4353; x_wconf 81' lang='lat' dir='ltr'><strong>eebat.</strong></span> <span class='ocrx_word' id='word_1_314' title='bbox 513 4300 643 4352; x_wconf 82' lang='lat' dir='ltr'><strong>Vult</strong></span> <span class='ocrx_word' id='word_1_315' title='bbox 664 4300 838 4368; x_wconf 75' lang='lat' dir='ltr'><strong>itaque</strong></span> <span class='ocrx_word' id='word_1_316' title='bbox 869 4300 1042 4352; x_wconf 72' lang='lat' dir='ltr'><strong>Livius</strong></span> <span class='ocrx_word' id='word_1_317' title='bbox 1065 4299 1345 4366; x_wconf 70' lang='lat' dir='ltr'><strong>angustias,</strong></span> <span class='ocrx_word' id='word_1_318' title='bbox 1422 4307 1680 4365; x_wconf 78' lang='lat' dir='ltr'><strong>maneret,</strong></span> <span class='ocrx_word' id='word_1_319' title='bbox 1701 4305 1857 4366; x_wconf 77' lang='lat' dir='ltr'><strong>atque</strong></span> <span class='ocrx_word' id='word_1_320' title='bbox 1875 4295 2138 4351; x_wconf 73' lang='lat' dir='ltr'><strong>Hannibal</strong></span> <span class='ocrx_word' id='word_1_321' title='bbox 2174 4310 2272 4362; x_wconf 80' lang='lat' dir='ltr'><strong>per</strong></span> <span class='ocrx_word' id='word_1_322' title='bbox 2288 4309 2401 4347; x_wconf 80' lang='lat' dir='ltr'><strong>eam</strong></span> <span class='ocrx_word' id='word_1_323' title='bbox 2424 4289 2482 4362; x_wconf 71' lang='lat' dir='ltr'><strong>in</strong></span> 
     </span>
    </p>
   </div>
  </div>
 </body>
</html>
