3025 4892
1003 352 1152 402 mn.
1199 349 1442 407 xxm.
1489 354 1659 403 car.
1704 337 1812 402 15.
2329 321 2505 406 1918

292 507 427 579 set,
487 518 673 585 soepe
729 500 823 578 vi,
868 519 1051 585 saepe
1104 500 1525 566 solicitandis
1577 500 2020 584 nequicquam
2082 519 2259 564 nunc
2301 500 2503 584 plebe

288 624 470 669 nunc
501 603 945 688 principibuS,
974 604 1152 669 same
1185 604 1448 668 demum
1485 605 1553 667 in
1587 602 1989 668 deditionem
2024 602 2311 689 accepit,
2342 622 2504 687 pao-

291 707 482 785 tus,¹⁸
515 713 589 772 ut
616 709 903 772 inermes
934 727 1087 774 cum
1120 708 1404 791 siugulis
1428 708 1686 772 abirent
1714 706 2176 773 vestimentis.·
2216 705 2501 785 Deinde,

293 812 517 895 utqui
545 831 585 876 a
615 811 948 895 principio
985 811 1168 876 mitis
1198 810 1515 875 omnibus
1541 809 1829 889 Italicis,
1859 816 2104 894 praeter
2135 809 2502 888 Romanos,

289 913 509 981 videri
542 914 767 986 vellet,
791 915 1068 996 praemia
1096 920 1296 998 atque
1318 915 1636 990 bonores,
1662 915 1778 997 qui
1802 921 2223 978 remanerent
2266 932 2347 979 ac
2375 913 2502 978 mi-

290 1016 486 1081 litare
513 1036 745 1084 secum
781 1017 1174 1093 voluissent,
1214 1018 1650 1101 proposuit.¹⁹
1739 1015 1887 1080 Nec
1928 1036 2011 1081 ea
2055 1035 2178 1100 spe
2197 1023 2254 1055 ²⁰
2296 1037 2500 1102 quen-

292 1139 495 1203 quam
545 1119 776 1188 tenuit.
900 1119 1175 1203 Dilapsi
1234 1138 1488 1195 omneS,
1538 1138 1964 1203 quocumque
2022 1119 2328 1202 hospitia
2383 1127 2503 1185 aut

289 1221 607 1291 fortuitus
634 1220 837 1288 animi
865 1222 1156 1307 impetus
1182 1222 1356 1299 tulit,
1389 1241 1507 1307 per
1533 1222 1928 1305 Campaniae
1961 1224 2180 1299 urbeS,
2208 1225 2502 1289 maxime

291 1325 547 1391 Nolam
603 1324 1115 1409 Neapolimque.
1203 1324 1378 1391 Cum
1431 1324 1636 1389 ferme
1683 1325 1957 1408 triginta
2004 1331 2373 1405 senatores„
2417 1345 2500 1391 ac

289 1429 457 1493 sorte
482 1429 733 1511 primus
763 1429 1078 1513 quisque,
1107 1427 1413 1511 Capuam
1440 1429 1795 1511 petissent,
1815 1430 2076 1498 exclusi
2109 1430 2288 1507 inde,
2318 1429 2500 1515 quod

288 1539 524 1614 portas
546 1530 919 1597 Hannibali
948 1531 1389 1609 clausissent,
1432 1531 1684 1595 Cumas
1714 1552 1788 1597 se
1819 1534 2258 1598 contulerunt.
2351 1533 2502 1599 Nu·-

290 1635 493 1700 ceriae
525 1633 756 1718 praeda
785 1635 980 1700 militi
1027 1634 1191 1699 data
1235 1642 1378 1715 est;
1441 1636 1599 1700 urbs
1641 1636 1914 1720 direpta
1956 1641 2159 1719 atque
2203 1637 2502 1701 incensa.

288 1735 544 1801 Nolam
589 1735 955 1802 Marcellus
1006 1757 1144 1804 nou
1193 1738 1303 1802 sui
1352 1738 1569 1819 magis
1616 1738 1865 1804 fiducia
1919 1738 2244 1821 praesidii,
2297 1756 2500 1821 quam

286 1839 633 1908 voluntate
665 1841 1070 1924 principum,
1117 1841 1431 1906 habebat.
1518 1840 1771 1906 Plebes
1815 1842 2195 1915 timebatur,
2240 1846 2308 1905 et
2346 1847 2501 1905 ante

289 1962 527 2008 omnes
556 1942 641 2009 L.
673 1943 1008 2022 Bantius,¹
1045 1965 1247 2029 quem
1273 1964 1646 2010 consensus
1676 1951 2019 2010 attentatae
2050 1944 2453 2009 defectionis
2474 1951 2501 1989 ἢ

290 2067 375 2113 ac
408 2052 623 2111 metus
654 2067 696 2112 a
742 2056 1029 2132 praetore
1061 2048 1375 2112 Romano
1416 2067 1598 2111 nunc
1637 2047 1724 2111 ad
1759 2047 2196 2130 proditionem
2244 2048 2505 2130 patriae,

289 2169 492 2226 nunc,
525 2149 588 2215 si
616 2149 701 2215 ad
738 2150 807 2214 id
838 2152 1105 2215 fortuna
1135 2150 1513 2226 defuisset,³
1543 2150 1631 2214 ad
1660 2149 2228 2232 transfugiendum
2272 2150 2504 2214 stimu-

290 2252 504 2317 labat.
594 2253 758 2318 Erat
787 2254 1057 2337 ⁸juvenis
1090 2274 1266 2332 acer,
1296 2262 1362 2318 et
1392 2253 1726 2318 sociorum
1759 2273 1840 2318 ea
1871 2257 2262 2336 tempestate
2289 2272 2501 2336 prope

296 2355 818 2422 nobilissimus*
846 2377 1079 2441 eques.
1165 2357 1580 2420 Seminecem
1620 2376 1770 2420 eum
1796 2355 1882 2420 ad
1917 2355 2185 2419 Cannas
2215 2357 2283 2417 in
2315 2373 2503 2419 acer·

294 2479 385 2525 vo
409 2479 740 2525 caesorum
771 2479 1123 2543 corporum
1149 2461 1493 2523 inventum
1517 2464 1954 2543 curatumque
1974 2458 2275 2539 benigne,
2295 2457 2500 2523 etiam

291 2582 447 2630 cum
499 2563 716 2640 donis,
749 2562 1096 2628 Hannibal
1130 2562 1401 2626 domum
1444 2562 1811 2625 remiserat.
1898 2560 2011 2624 Ob
2042 2559 2189 2643 ejus
2217 2561 2502 2641 gratiam

292 2667 509 2732 meriti
569 2686 711 2732 rem
774 2665 1113 2731 Nolanam
1176 2665 1243 2729 in
1286 2665 1404 2749 jus
1465 2666 1928 2748 ditionemque
1979 2663 2137 2727 dare
2198 2663 2503 2727 voluerat

294 2769 557 2835 Poenox
604 2772 1019 2854 anxiumque
1053 2787 1199 2832 eum
1231 2775 1297 2830 et
1322 2767 1660 2832 solicitum
1691 2786 1851 2831 cura
1874 2764 2167 2831 novandi
2191 2785 2296 2830 res
2326 2784 2501 2848 prae·

1208 2969 1268 2989 &O
1275 2969 1573 2990 OOOOOOOOO

291 3104 449 3153 ctu.
510 3102 632 3152 vid.
673 3103 798 3153 Not.
837 3104 1095 3154 Van—18
1132 3103 1283 3168 Couj.
1315 3103 1456 3153 Duk.
1490 3104 1804 3167 pactam—19
1834 3100 1852 3129 ‘
1872 3100 2092 3150 Honore·
2109 3099 2192 3158 iis,
2214 3099 2296 3163 qui
2315 3113 2506 3150 rauna·

288 3171 462 3219 sissent
501 3183 558 3220 ac
593 3168 803 3219 militare
839 3171 1014 3220 tenens
1048 3185 1219 3224 aecum,
1255 3169 1492 3233 proposuit
1535 3167 1666 3215 Edd.
1699 3176 1820 3217 aute
1847 3167 2083 3217 Gronov.
2151 3164 2507 3215 Noutraelect.

288 3231 470 3283 favent
495 3233 734 3283 meliores
755 3235 883 3285 Mas.
922 3236 1016 3283 nisi
1045 3238 1180 3299 quod
1207 3237 1255 3283 in
1282 3235 1518 3283 omnibus
1541 3245 1618 3282 est
1641 3236 1965 3281 remanserunt
1988 3239 2040 3279 et
2067 3230 2116 3278 iu
2144 3246 2243 3278 uno
2264 3245 2503 3279 remanse-

288 3300 414 3360 rtet,
448 3313 545 3362 pro
567 3314 667 3362 quc
688 3306 984 3350 remanerent
1008 3302 1090 3350 vel
1115 3315 1353 3350 remanere
1377 3298 1649 3354 legendum
1674 3297 1869 3345 monuit
1893 3297 2055 3345 Gron.
2137 3298 2380 3345 Ceterum
2405 3307 2504 3344 nec

291 3375 509 3425 nostr-ar,
528 3379 627 3414 nee
646 3365 870 3429 vulgate
898 3367 1019 3415 lect.
1037 3381 1330 3429 repugnare
1353 3376 1641 3426 temporum
1665 3365 1939 3422 rationem,
1956 3361 2225 3410 contendit
2254 3361 2505 3421 Deering.

289 3431 545 3479 adversus
567 3431 764 3480 Stroth.
788 3432 874 3493 qui
900 3432 1019 3481 hinc
1044 3433 1240 3490 recepit
1263 3429 1385 3480 illud
1405 3432 1716 3478 remanserint
1741 3437 1793 3476 et
1819 3442 2092 3489 perperam
2116 3426 2416 3489 provocavit
2437 3425 2503 3474 ad

289 3496 455 3545 verba
479 3495 588 3545 cic.
613 3497 768 3547 Tusc-
805 3496 908 3547 Qu.
943 3512 996 3546 v.
1034 3501 1082 3546 7.
1153 3496 1346 3545 Xerxes
1366 3496 1614 3556 pra-mium
1645 3493 1885 3554 proposuit
1916 3494 2017 3554 (sc.
2041 3493 2103 3548 ei,
2124 3490 2258 3554 quod
2284 3491 2347 3539 ab
2375 3492 2503 3539 Ern.

289 3569 350 3610 ut
373 3561 425 3609 b.
449 3561 483 3609 Ι.
507 3560 558 3608 in
584 3562 713 3610 Edd.
737 3571 865 3610 aun.
886 3562 967 3618 iis,
989 3562 1165 3624 adjici,
1187 3562 1277 3608 sed
1298 3561 1588 3621 elegantius
1607 3558 1794 3610 omitti.
1814 3557 2004 3605 docent
2020 3556 2185 3605 Gron·
2204 3565 2256 3603 et
2273 3554 2499 3618 Stroth.)

291 3627 378 3691 qui
400 3627 653 3675 int-eniam
680 3640 844 3675 notam
864 3625 1183 3691 voluptatem!
1219 3626 1577 3688 munem—20
1614 3621 1696 3672 ΑΙ.
1741 3623 1844 3671 Nec
1880 3637 1934 3670 ea
1969 3637 2071 3683 apes
2092 3626 2184 3669 -l
2221 3620 2367 3683 Conj.
2395 3619 2506 3667 Ru-

293 3700 436 3760 pert.
473 3692 807 3742 Raudium—2
844 3693 1139 3755 Lugendum
1179 3700 1355 3742 monet
1393 3690 1447 3741 J.
1488 3690 1545 3740 F.
1582 3687 1816 3738 GronoV.
1850 3687 2137 3737 conscientia
2169 3690 2367 3736 tentate
2388 3686 2504 3732 d.—

1297 3850 1518 3903 NOTAE

360 3960 387 3986 0
419 3952 558 4003 Petit
578 3951 858 4016 Nuceriam]
889 3953 1187 4018 Campauiae
1210 3954 1362 4017 oppi-
1446 3951 1601 4013 vulgo
1640 3950 1827 4000 Nocere
1856 3951 1971 4001 delli
2002 3948 2176 4012 pagani
2197 3965 2213 3997 .·
2248 3947 2323 3997 sle
2361 3946 2505 3997 dicta

295 4030 419 4081 dum
433 4028 591 4093 juxta
614 4029 828 4080 Saruurn
847 4043 1048 4079 amnem
1068 4035 1206 4078 trans
1225 4029 1362 4079 Nea·
1444 4025 1582 4092 quod
1619 4028 1890 4075 Sarrae-eni
1931 4040 2044 4075 earu
2083 4025 2171 4074 diu
2209 4025 2508 4086 tenueriut3

297 4106 459 4171 polim
496 4114 552 4155 et
579 4106 862 4158 Vesuvium
900 4110 1143 4165 montem,
1179 4119 1362 4154 novem
1445 4104 1510 4153 ad
1539 4103 1815 4152 discrimen
1845 4102 2058 4151 alterius
2084 4101 2348 4160 Nucerlae,
2391 4116 2505 4160 qum

296 4183 526 4234 millibus
560 4197 591 4231 a
622 4183 786 4234 mari:
821 4181 1075 4244 Alfaterna
1101 4182 1360 4245 cognomi·
1445 4181 1497 4230 iu
1521 4180 1754 4229 Umbria.
1822 4179 1919 4228 Illa
1943 4178 2095 4228 hodie
2125 4178 2357 4227 Ducatus
2374 4178 2507 4227 Bar-

298 4274 387 4324 ne,
415 4264 629 4310 auctore
658 4257 892 4308 Diodoro
924 4257 1099 4308 Siculo
1134 4256 1223 4308 lib.
1247 4269 1365 4306 xix.
1445 4256 1760 4317 berinerum,
1784 4255 1837 4305 in
1861 4252 2164 4319 Principum
2188 4254 2445 4304 citeriore.
2491 4267 2518 4300 .’

429 4341 611 4404 Daph.
641 4345 690 4390 et
723 4339 837 4390 Ver.
860 4340 990 4390 clu.
1287 4338 1476 4388 Livius.
2257 4340 2289 4384 0
2323 4335 2374 4384 K
