3025 4892
470 396 640 464 1400
1261 412 1318 460 J.
1363 409 1866 459 sasinsusmi

468 565 581 634 rit3
628 574 827 643 atque,
851 562 1058 623 eodem
1084 581 1223 623 mox
1256 572 1489 644 petente
1515 562 1823 633 talentum,
1851 561 2148 641 negaverit
2173 562 2285 622 hoc
2301 562 2651 623 conveniens

470 683 595 722 esse
621 661 987 743 philosopho.
1073 663 1164 722 Tu
1196 660 1403 721 eodem
1431 659 1533 720 illo
1558 660 1911 741 sophismate
1939 657 2404 739 magnificentius
2429 679 2535 720 usa
2558 677 2657 718 es:

470 761 529 819 in
558 756 772 840 parvis,
808 778 943 839 quae
968 779 1060 818 me
1101 758 1336 819 deceret
1374 760 1639 838 accipere
1679 758 2026 839 respiciens3
2071 759 2130 818 in
2157 757 2498 837 majoribus,
2525 775 2659 836 quoe

470 856 560 916 Te
584 856 744 916 dare.
805 857 969 935 Ergo
993 856 1117 936 pari
1141 855 1455 917 clementia
1478 865 1541 914 et
1564 856 1902 916 miserorum
1925 853 2153 936 aliquot
2166 855 2466 915 hominum
2484 857 2662 934 (quos

470 954 550 1015 ob
590 953 702 1013 hoc
744 955 933 1033 ipsum
972 952 1108 1012 Tibi
1150 952 1582 1023 commendavi,
1625 951 1783 1032 quod
1816 953 1958 1032 quia
1998 953 2187 1011 miseri
2230 961 2419 1023 erant,
2459 971 2660 1012 eorum

472 1070 644 1110 nemo
669 1050 1071 1129 miserebatur)
1098 1049 1353 1109 habuisti
1378 1049 1699 1109 rationem:
1742 1058 1803 1108 et
1829 1048 1889 1108 id
1914 1047 2124 1117 fecisti,
2152 1047 2311 1127 quod
2338 1047 2532 1107 adhuc
2558 1048 2661 1107 vix

471 1146 725 1229 proferre
767 1146 982 1217 audeo,
1024 1156 1147 1206 tum
1170 1144 1250 1207 ob
1274 1145 1734 1225 magnitudinem
1770 1146 1875 1214 rei,
1919 1155 2044 1205 tum
2083 1145 2163 1205 ob
2204 1145 2661 1225 magnitudinem

472 1245 807 1324 gratiarum,
851 1264 998 1324 quas
1020 1243 1180 1315 Tibi,
1222 1263 1357 1304 cum
1388 1244 1640 1304 debeam
1666 1242 2073 1324 amplissimas,
2116 1244 2174 1302 in
2220 1242 2530 1324 praesentia
2555 1243 2659 1303 mi-

472 1343 628 1401 nime
670 1362 902 1423 possum
944 1340 1261 1422 explicare.
1348 1341 1466 1402 Sed
1507 1340 1768 1401 fortassis
1792 1361 1902 1420 ego
1942 1361 2069 1400 sum
2111 1340 2361 1421 ineptus,
2405 1341 2505 1420 qui
2533 1338 2666 1400 Tua

473 1437 764 1499 beneficia
800 1447 998 1519 putem
1041 1438 1216 1498 ullius
1245 1438 1509 1498 oratione
1551 1436 1841 1508 disertius,
1883 1457 2062 1517 quam
2099 1436 2244 1497 Tuis
2266 1436 2441 1496 factis
2473 1437 2661 1517 operi-

473 1534 696 1614 busque
725 1533 950 1594 laudari
975 1554 1179 1615 posse;
1226 1543 1331 1594 aut
1365 1554 1498 1594 mea
1537 1554 1707 1614 egere
1733 1533 2262 1603 commendatione,
2306 1533 2466 1614 quod
2493 1533 2664 1593 Van-

472 1630 710 1708 gionum
760 1631 890 1690 urbi
942 1634 1224 1711 majorem
1272 1631 1560 1711 pecuniae,
1614 1631 1672 1689 in
1727 1630 1976 1690 militum
2025 1629 2376 1710 stipendium
2424 1630 2662 1701 debitoe,

476 1736 699 1807 partem
737 1727 1183 1789 clementissime
1224 1729 1507 1790 remisisti.
1581 1728 1724 1796 Quo
1755 1727 2044 1788 beneficio
2070 1736 2474 1789 conservatam
2501 1725 2664 1787 illam

474 1843 599 1883 esse
640 1844 789 1895 reor,
832 1834 894 1885 et
932 1826 1041 1885 rite
1082 1835 1261 1906 atque
1300 1825 1505 1886 ordine
1532 1825 1844 1896 facturam,
1886 1827 1935 1884 si
1966 1824 2055 1884 Te
2095 1834 2379 1905 tanquam
2419 1823 2665 1885 alteram

473 1920 853 1982 conditricem
876 1943 1064 1995 suam,
1107 1923 1166 1982 in
1209 1943 1382 1983 omne
1407 1923 1686 2003 deinceps
1710 1942 1924 1993 aevum,
1963 1942 2143 2003 quam
2170 1922 2385 2002 poterit
2410 1921 2670 2002 exquisi-

474 2017 708 2077 tissimis
732 2019 1049 2079 honoribus
1072 2019 1383 2079 colendam
1421 2020 1749 2079 arbitretur.
1836 2018 2114 2080 Habebis
2143 2020 2317 2098 igitur
2348 2028 2409 2079 et
2435 2018 2666 2097 Vangi-

474 2133 654 2174 onum
681 2113 1162 2197 Rempublicam,
1190 2124 1253 2175 et
1274 2136 1366 2175 me
1392 2115 1689 2196 privatim,
1719 2115 1777 2174 in
1803 2124 2145 2196 perpetuum
2171 2116 2283 2175 hac
2308 2114 2668 2195 obligatione

474 2209 799 2280 devinctos,
841 2222 904 2272 et
942 2212 1002 2271 in
1037 2208 1288 2271 solidum
1317 2210 1574 2271 debendi
1615 2232 1762 2271 reos.
1846 2210 1986 2271 Nec
2031 2212 2186 2271 enim
2209 2211 2404 2272 dicere
2430 2232 2666 2293 queam,

478 2315 604 2365 uter
642 2309 850 2386 majori
877 2294 1013 2368 Tibi
1035 2310 1172 2388 jure
1197 2309 1394 2369 omnia
1418 2309 1656 2382 debeat,
1700 2328 1836 2389 quae
1872 2309 2107 2390 accepit
2139 2310 2252 2369 hoc
2293 2308 2668 2380 beneficium,

478 2421 553 2460 an
580 2404 682 2483 qui
704 2405 1057 2486 impetravit.
1127 2407 1416 2467 Potestne
1458 2406 1652 2467 adhuc
1692 2425 1989 2486 superesse
2015 2406 2352 2486 quicquam,
2396 2406 2556 2487 quod
2582 2407 2672 2466 bis

476 2501 768 2573 omnibus,
794 2524 928 2584 quae
953 2504 1116 2565 dicta
1137 2514 1294 2575 sunt,
1315 2503 1692 2584 aequandum,
1726 2512 1832 2564 aut
1854 2503 2032 2563 etiam
2059 2503 2484 2583 praeferendum
2505 2503 2670 2564 vide·

477 2599 650 2658 atur?
718 2600 830 2660 Est
851 2611 1028 2663 certe.
1116 2601 1428 2662 Meliorem
1456 2602 1613 2662 enim
1653 2621 1747 2661 me
1773 2599 1967 2682 facere
1994 2600 2326 2680 promisisti,
2356 2620 2470 2661 non
2496 2600 2673 2661 modo

478 2702 545 2753 ut
584 2716 805 2768 omnes,
840 2698 1065 2778 legibus
1096 2700 1503 2780 moribusque3
1567 2719 1759 2779 neque
1805 2707 1873 2757 ut
1909 2696 2145 2767 multos,
2190 2698 2465 2778 exemplo
2480 2718 2500 2767 3
2541 2698 2667 2769 sed,

480 2799 545 2850 ut
585 2794 870 2853 neminem
904 2795 1098 2854 adhuc
1140 2796 1342 2869 alium,
1385 2795 1642 2875 quadam
1687 2795 1854 2876 quasi
1884 2794 2265 2855 conversandi
2303 2793 2671 2855 solicitudine

478 2906 752 2968 curaque.
825 2889 1202 2971 Spopondisti
1229 2912 1480 2971 namque
1506 2911 1737 2952 mecum
1763 2891 2187 2970 inquisituram,
2214 2892 2327 2952 hoc
2351 2902 2461 2963 est,
2478 2902 2670 2952 osten-

478 3004 692 3055 suram,
723 2985 929 3066 quales
953 2997 1223 3068 oporteat
1246 3008 1371 3048 esse
1398 2990 1554 3049 viros
1580 2988 1914 3069 prudentes,
1943 2988 2270 3068 quibusque
2296 2989 2517 3069 possint
2542 3009 2671 3050 ves-

476 3081 632 3159 tigiis
658 3082 1032 3164 deprehendi.
1117 3084 1265 3146 Hoc
1305 3095 1501 3147 autem
1541 3105 1676 3148 cum
1715 3084 1999 3155 didicere,
2027 3085 2214 3145 multo
2238 3105 2334 3145 me
2359 3105 2538 3165 quam
2563 3087 2672 3146 sim

478 3178 539 3236 in
567 3180 874 3258 praesentia
912 3180 1209 3242 meliorem
1247 3182 1370 3243 fore
1401 3182 1656 3244 confido.
1741 3181 1913 3243 Istud
1945 3182 2119 3261 igitur
2151 3182 2493 3262 promissum
2525 3184 2675 3242 tanti

478 3271 666 3334 facis?
726 3276 972 3355 inquies.
1054 3278 1254 3352 Tanti,
1314 3280 1648 3351 DoMmA,
1704 3291 1772 3340 ut
1819 3280 2006 3339 isthac
2055 3277 2412 3356 obligatione
2467 3278 2556 3338 Te
2600 3299 2672 3339 ne

480 3372 643 3450 regni
683 3373 922 3452 quidem
966 3386 1212 3458 accepta
1253 3388 1419 3459 parte
1462 3380 1698 3459 cupiam
1742 3377 2010 3438 liberare.
2095 3375 2316 3457 Neque
2349 3396 2488 3437 vero
2512 3377 2671 3448 vbi,

479 3468 968 3550 quandocumque
999 3475 1265 3552 jusseris,
1309 3486 1565 3536 mentem
1608 3473 1772 3535 illam
1827 3474 1977 3534 veris
2027 3473 2314 3553 clarisque
2356 3474 2677 3536 rationibus

480 3566 805 3645 approbare
831 3567 1089 3649 defugio.
1175 3571 1384 3651 Atque
1409 3572 1522 3632 hoc
1563 3570 1700 3631 T-ibi
1744 3580 2018 3652 praestare
2058 3590 2247 3650 neque
2290 3571 2673 3651 injucundum

479 3663 610 3732 erit,
642 3673 709 3723 ut
734 3666 1007 3744 conjicio,
1051 3687 1241 3749 neque
1266 3668 1527 3743 difficile,
1570 3689 1704 3750 quae
1745 3668 1824 3728 ad
1863 3671 1993 3748 ejus
2031 3667 2353 3748 prudentiae
2379 3666 2676 3746 fastigium

480 3760 735 3832 eniteris,
776 3762 1013 3842 qualem
1042 3766 1193 3826 inter
1219 3787 1341 3838 eos,
1374 3769 1476 3848 qui
1503 3766 1714 3828 volunt
1753 3765 1963 3826 eruditi
2002 3764 2211 3835 videri,
2255 3763 2486 3824 facilius
2512 3764 2676 3824 inve-

482 3857 631 3929 nias,
675 3860 775 3937 qui
818 3859 1093 3934 doceant,
1134 3884 1313 3944 quam
1338 3865 1442 3944 qui
1468 3864 1754 3924 noverint.
1839 3860 1985 3921 Hac
2014 3861 2188 3940 igitur
2228 3881 2290 3921 re
2315 3861 2522 3920 merito
2549 3859 2674 3939 glo·

484 3955 619 4026 rior,
649 3976 769 4035 qua
796 3977 911 4018 non
938 3959 1085 4019 alios
1110 3960 1286 4021 modo
1313 3961 1612 4021 hominum
1653 3959 1933 4020 felicitate
1961 3957 2163 4017 videor
2188 3955 2542 4038 supergredi,
2571 3956 2677 4015 sed

487 4048 816 4114 Salomonis
864 4055 1041 4115 etiam
1096 4057 1405 4128 ministros,
1459 4076 1610 4136 quos
1649 4056 1741 4115 ob'
1782 4053 2043 4114 auditam
2095 4052 2286 4132 Regis
2329 4053 2676 4134 sapientiam

486 4148 691 4209 merito
728 4151 933 4211 beatos
973 4151 1278 4233 praedicari
1308 4153 1520 4223 sentio,
1546 4152 1836 4212 beatiores
1877 4160 2074 4210 tamen
2117 4149 2362 4221 futuros,
2407 4151 2457 4210 si
2497 4150 2676 4209 etiam

484 4244 763 4334 peculiari
787 4246 1044 4331 quadam
1059 4269 1221 4323 cura,
1250 4248 1409 4330 quod
1425 4268 1544 4310 non
1571 4247 1804 4329 legitur,
1835 4248 2129 4310 inffituere
2152 4247 2309 4331 ipsos
2336 4266 2406 4311 ac
2431 4245 2675 4313 edocere
