<?xml version="1.0" encoding="UTF-8"?>
<!DOCTYPE html PUBLIC "-//W3C//DTD XHTML 1.0 Transitional//EN"
    "http://www.w3.org/TR/xhtml1/DTD/xhtml1-transitional.dtd">
<html xmlns="http://www.w3.org/1999/xhtml" xml:lang="en" lang="en">
 <head>
  <title>
</title>
<meta http-equiv="Content-Type" content="text/html;charset=utf-8" />
  <meta name='ocr-system' content='tesseract 3.04.00' />
  <meta name='ocr-capabilities' content='ocr_page ocr_carea ocr_par ocr_line ocrx_word'/>
</head>
<body>
  <div class='ocr_page' id='page_1' title='image "./tliviipatavinih04unkngoog_0104.png"; bbox 0 0 3025 4892; ppageno 0'>
   <div class='ocr_carea' id='block_1_1' title="bbox 506 345 1802 415">
    <p class='ocr_par' dir='ltr' id='par_1_1' title="bbox 506 345 1802 415">
     <span class='ocr_line' id='line_1_1' title="bbox 506 345 1802 415; baseline 0.002 -4"><span class='ocrx_word' id='word_1_1' title='bbox 506 345 680 413; x_wconf 81' lang='grc'>1484</span> <span class='ocrx_word' id='word_1_2' title='bbox 1047 395 1054 400; x_wconf 87' lang='lat'>-</span> <span class='ocrx_word' id='word_1_3' title='bbox 1495 364 1566 415; x_wconf 77' lang='grc' dir='ltr'>τ.</span> <span class='ocrx_word' id='word_1_4' title='bbox 1612 364 1802 415; x_wconf 74' lang='lat' dir='ltr'>mvn</span> 
     </span>
    </p>
   </div>
   <div class='ocr_carea' id='block_1_2' title="bbox 537 507 2727 791">
    <p class='ocr_par' dir='ltr' id='par_1_2' title="bbox 537 507 2727 791">
     <span class='ocr_line' id='line_1_2' title="bbox 835 507 2726 591; baseline 0.001 -20"><span class='ocrx_word' id='word_1_5' title='bbox 835 509 1126 571; x_wconf 75' lang='lat' dir='ltr'>Merenda</span> <span class='ocrx_word' id='word_1_6' title='bbox 1151 510 1342 571; x_wconf 83' lang='lat' dir='ltr'>factus</span> <span class='ocrx_word' id='word_1_7' title='bbox 1365 519 1480 583; x_wconf 83' lang='lat' dir='ltr'>est,</span> <span class='ocrx_word' id='word_1_8' title='bbox 1495 530 1630 571; x_wconf 90' lang='lat' dir='ltr'>enm</span> <span class='ocrx_word' id='word_1_9' title='bbox 1647 528 1879 591; x_wconf 87' lang='lat' dir='ltr'>quoque</span> <span class='ocrx_word' id='word_1_10' title='bbox 1897 507 2252 590; x_wconf 81' lang='lat' dir='ltr'>provehente</span> <span class='ocrx_word' id='word_1_11' title='bbox 2271 511 2488 571; x_wconf 81' lang='lat' dir='ltr'>recenti</span> <span class='ocrx_word' id='word_1_12' title='bbox 2513 508 2726 590; x_wconf 81' lang='lat' dir='ltr'>gloria,</span> 
     </span>
     <span class='ocr_line' id='line_1_3' title="bbox 833 606 2725 688; baseline 0.001 -20"><span class='ocrx_word' id='word_1_13' title='bbox 833 616 895 668; x_wconf 93' lang='lat' dir='ltr'>et</span> <span class='ocrx_word' id='word_1_14' title='bbox 918 607 1421 669; x_wconf 74' lang='lat' dir='ltr'>commendatione</span> <span class='ocrx_word' id='word_1_15' title='bbox 1447 606 1681 687; x_wconf 85' lang='lat' dir='ltr'>gentilis</span> <span class='ocrx_word' id='word_1_16' title='bbox 1703 608 1816 677; x_wconf 88' lang='lat' dir='ltr'>sui,</span> <span class='ocrx_word' id='word_1_17' title='bbox 1841 606 1949 667; x_wconf 83' lang='lat' dir='ltr'>sub</span> <span class='ocrx_word' id='word_1_18' title='bbox 1974 627 2093 687; x_wconf 91' lang='lat' dir='ltr'>quo</span> <span class='ocrx_word' id='word_1_19' title='bbox 2120 608 2311 688; x_wconf 91' lang='lat' dir='ltr'>priore</span> <span class='ocrx_word' id='word_1_20' title='bbox 2333 627 2486 668; x_wconf 90' lang='lat' dir='ltr'>anno</span> <span class='ocrx_word' id='word_1_21' title='bbox 2505 607 2725 669; x_wconf 81' lang='lat' dir='ltr'>milita-</span> 
     </span>
     <span class='ocr_line' id='line_1_4' title="bbox 537 702 2727 791; baseline -0 -25"><span class='ocrx_word' id='word_1_22' title='bbox 537 723 646 773; x_wconf 85' lang='lat' dir='ltr'>Liv.</span> <span class='ocrx_word' id='word_1_23' title='bbox 661 724 753 791; x_wconf 76' lang='lat' dir='ltr'>Ep,</span> <span class='ocrx_word' id='word_1_24' title='bbox 833 715 1017 766; x_wconf 83' lang='lat' dir='ltr'>verat.</span> <span class='ocrx_word' id='word_1_25' title='bbox 1122 704 1245 767; x_wconf 83' lang='lat' dir='ltr'>His</span> <span class='ocrx_word' id='word_1_26' title='bbox 1308 705 1645 767; x_wconf 84' lang='lat' dir='ltr'>consulibus</span> <span class='ocrx_word' id='word_1_27' title='bbox 1694 704 1754 763; x_wconf 94' lang='lat' dir='ltr'>in</span> <span class='ocrx_word' id='word_1_28' title='bbox 1830 702 2117 774; x_wconf 86' lang='lat' dir='ltr'>Lucanos,</span> <span class='ocrx_word' id='word_1_29' title='bbox 2174 702 2609 786; x_wconf 86' lang='lat' dir='ltr'>Samnitesque,</span> <span class='ocrx_word' id='word_1_30' title='bbox 2660 715 2727 765; x_wconf 79' lang='lat' dir='ltr'>et</span> 
     </span>
    </p>
   </div>
   <div class='ocr_carea' id='block_1_3' title="bbox 506 800 2871 883">
    <p class='ocr_par' dir='ltr' id='par_1_3' title="bbox 506 800 2871 883">
     <span class='ocr_line' id='line_1_5' title="bbox 506 800 2871 883; baseline 0.003 -25"><span class='ocrx_word' id='word_1_31' title='bbox 506 803 623 837; x_wconf 74' lang='lat' dir='ltr'>xxv.</span> <span class='ocrx_word' id='word_1_32' title='bbox 836 801 1099 863; x_wconf 79' lang='lat' dir='ltr'>Bruttios</span> <span class='ocrx_word' id='word_1_33' title='bbox 1139 822 1417 865; x_wconf 82' lang='lat' dir='ltr'>conversa</span> <span class='ocrx_word' id='word_1_34' title='bbox 1454 801 1599 863; x_wconf 91' lang='lat' dir='ltr'>belli</span> <span class='ocrx_word' id='word_1_35' title='bbox 1633 801 1819 861; x_wconf 86' lang='lat' dir='ltr'>moles</span> <span class='ocrx_word' id='word_1_36' title='bbox 1855 810 1978 861; x_wconf 83' lang='lat' dir='ltr'>est:</span> <span class='ocrx_word' id='word_1_37' title='bbox 2022 801 2125 880; x_wconf 89' lang='lat' dir='ltr'>qui</span> <span class='ocrx_word' id='word_1_38' title='bbox 2165 820 2300 861; x_wconf 86' lang='lat' dir='ltr'>cum</span> <span class='ocrx_word' id='word_1_39' title='bbox 2343 800 2488 861; x_wconf 88' lang='lat' dir='ltr'>locis</span> <span class='ocrx_word' id='word_1_40' title='bbox 2532 802 2727 883; x_wconf 86' lang='lat' dir='ltr'>potius</span> <span class='ocrx_word' id='word_1_41' title='bbox 2860 803 2871 810; x_wconf 82' lang='grc'><strong>’</strong></span> 
     </span>
    </p>
   </div>
   <div class='ocr_carea' id='block_1_4' title="bbox 494 896 2725 2727">
    <p class='ocr_par' dir='ltr' id='par_1_4' title="bbox 825 896 2725 1465">
     <span class='ocr_line' id='line_1_6' title="bbox 831 896 2723 980; baseline 0 -22"><span class='ocrx_word' id='word_1_42' title='bbox 831 920 1009 980; x_wconf 90' lang='lat' dir='ltr'>quam</span> <span class='ocrx_word' id='word_1_43' title='bbox 1037 897 1211 959; x_wconf 86' lang='lat' dir='ltr'>armis</span> <span class='ocrx_word' id='word_1_44' title='bbox 1244 920 1305 959; x_wconf 83' lang='lat' dir='ltr'>ae</span> <span class='ocrx_word' id='word_1_45' title='bbox 1330 898 1733 972; x_wconf 84' lang='lat' dir='ltr'>defenderent,</span> <span class='ocrx_word' id='word_1_46' title='bbox 1760 896 1905 958; x_wconf 87' lang='lat' dir='ltr'>nihil</span> <span class='ocrx_word' id='word_1_47' title='bbox 1932 898 2014 958; x_wconf 89' lang='lat' dir='ltr'>rei</span> <span class='ocrx_word' id='word_1_48' title='bbox 2040 897 2117 957; x_wconf 87' lang='lat' dir='ltr'>ad</span> <span class='ocrx_word' id='word_1_49' title='bbox 2144 897 2495 979; x_wconf 89' lang='lat' dir='ltr'>reliquarum</span> <span class='ocrx_word' id='word_1_50' title='bbox 2521 919 2723 959; x_wconf 85' lang='lat' dir='ltr'>exem—</span> 
     </span>
     <span class='ocr_line' id='line_1_7' title="bbox 830 992 2725 1078; baseline 0.001 -23"><span class='ocrx_word' id='word_1_51' title='bbox 830 995 993 1078; x_wconf 86' lang='lat' dir='ltr'>plum</span> <span class='ocrx_word' id='word_1_52' title='bbox 1024 995 1414 1056; x_wconf 85' lang='lat' dir='ltr'>memorabilis</span> <span class='ocrx_word' id='word_1_53' title='bbox 1453 996 1574 1075; x_wconf 90' lang='lat' dir='ltr'>geri</span> <span class='ocrx_word' id='word_1_54' title='bbox 1616 996 1831 1076; x_wconf 87' lang='lat' dir='ltr'>potnit.</span> <span class='ocrx_word' id='word_1_55' title='bbox 1916 992 2137 1074; x_wconf 88' lang='lat' dir='ltr'>Neque</span> <span class='ocrx_word' id='word_1_56' title='bbox 2175 1003 2372 1055; x_wconf 86' lang='lat' dir='ltr'>tamen</span> <span class='ocrx_word' id='word_1_57' title='bbox 2415 996 2725 1056; x_wconf 82' lang='lat' dir='ltr'>imminuta</span> 
     </span>
     <span class='ocr_line' id='line_1_8' title="bbox 829 1089 2721 1173; baseline 0.001 -21"><span class='ocrx_word' id='word_1_58' title='bbox 829 1092 966 1153; x_wconf 90' lang='lat' dir='ltr'>inde</span> <span class='ocrx_word' id='word_1_59' title='bbox 1012 1093 1177 1154; x_wconf 90' lang='lat' dir='ltr'>Curii</span> <span class='ocrx_word' id='word_1_60' title='bbox 1219 1093 1404 1173; x_wconf 86' lang='lat' dir='ltr'>gloria</span> <span class='ocrx_word' id='word_1_61' title='bbox 1445 1103 1556 1165; x_wconf 85' lang='lat' dir='ltr'>est,</span> <span class='ocrx_word' id='word_1_62' title='bbox 1600 1093 1684 1152; x_wconf 86' lang='lat' dir='ltr'>sic</span> <span class='ocrx_word' id='word_1_63' title='bbox 1725 1111 1958 1173; x_wconf 90' lang='lat' dir='ltr'>quoque</span> <span class='ocrx_word' id='word_1_64' title='bbox 1990 1089 2400 1170; x_wconf 84' lang='lat' dir='ltr'>judicantibus</span> <span class='ocrx_word' id='word_1_65' title='bbox 2428 1093 2721 1165; x_wconf 79' lang='lat' dir='ltr'>omnibus,</span> 
     </span>
     <span class='ocr_line' id='line_1_9' title="bbox 825 1187 2720 1270; baseline 0 -20"><span class='ocrx_word' id='word_1_66' title='bbox 825 1209 1021 1269; x_wconf 88' lang='lat' dir='ltr'>regem</span> <span class='ocrx_word' id='word_1_67' title='bbox 1063 1191 1428 1262; x_wconf 86' lang='lat' dir='ltr'>acerrimum,</span> <span class='ocrx_word' id='word_1_68' title='bbox 1456 1210 1575 1250; x_wconf 92' lang='lat' dir='ltr'>non</span> <span class='ocrx_word' id='word_1_69' title='bbox 1599 1188 1776 1249; x_wconf 89' lang='lat' dir='ltr'>modo</span> <span class='ocrx_word' id='word_1_70' title='bbox 1799 1187 2032 1249; x_wconf 85' lang='lat' dir='ltr'>cladem</span> <span class='ocrx_word' id='word_1_71' title='bbox 2060 1197 2388 1270; x_wconf 72' lang='lat' dir='ltr'>acceptam,</span> <span class='ocrx_word' id='word_1_72' title='bbox 2412 1188 2515 1249; x_wconf 85' lang='lat' dir='ltr'>sed</span> <span class='ocrx_word' id='word_1_73' title='bbox 2541 1190 2720 1250; x_wconf 88' lang='lat' dir='ltr'>etiam</span> 
     </span>
     <span class='ocr_line' id='line_1_10' title="bbox 825 1284 2719 1349; baseline -0.001 0"><span class='ocrx_word' id='word_1_74' title='bbox 825 1287 1035 1349; x_wconf 86' lang='lat' dir='ltr'>ducem</span> <span class='ocrx_word' id='word_1_75' title='bbox 1078 1287 1354 1349; x_wconf 79' lang='lat' dir='ltr'>adversus</span> <span class='ocrx_word' id='word_1_76' title='bbox 1384 1308 1447 1347; x_wconf 88' lang='lat' dir='ltr'>se</span> <span class='ocrx_word' id='word_1_77' title='bbox 1471 1286 1668 1347; x_wconf 90' lang='lat' dir='ltr'>denuo</span> <span class='ocrx_word' id='word_1_78' title='bbox 1701 1294 2008 1346; x_wconf 84' lang='lat' dir='ltr'>venturum</span> <span class='ocrx_word' id='word_1_79' title='bbox 2053 1284 2297 1345; x_wconf 88' lang='lat' dir='ltr'>Curium</span> <span class='ocrx_word' id='word_1_80' title='bbox 2334 1286 2719 1348; x_wconf 82' lang='lat' dir='ltr'>exhorruisse.</span> 
     </span>
     <span class='ocr_line' id='line_1_11' title="bbox 828 1381 2720 1465; baseline -0.001 -20"><span class='ocrx_word' id='word_1_81' title='bbox 828 1384 1102 1445; x_wconf 73' lang='lat' dir='ltr'>Consenti</span> <span class='ocrx_word' id='word_1_82' title='bbox 1140 1384 1337 1465; x_wconf 82' lang='lat' dir='ltr'>itaque</span> <span class='ocrx_word' id='word_1_83' title='bbox 1367 1383 1509 1443; x_wconf 91' lang='lat' dir='ltr'>belli</span> <span class='ocrx_word' id='word_1_84' title='bbox 1551 1382 1748 1463; x_wconf 87' lang='lat' dir='ltr'>hujus,</span> <span class='ocrx_word' id='word_1_85' title='bbox 1784 1381 2082 1462; x_wconf 73' lang='lat' dir='ltr'>fugatique</span> <span class='ocrx_word' id='word_1_86' title='bbox 2124 1401 2200 1442; x_wconf 84' lang='lat' dir='ltr'>ex</span> <span class='ocrx_word' id='word_1_87' title='bbox 2246 1381 2431 1443; x_wconf 87' lang='lat' dir='ltr'>Italia</span> <span class='ocrx_word' id='word_1_88' title='bbox 2471 1383 2720 1464; x_wconf 83' lang='lat' dir='ltr'>Pyrrhi,</span> 
     </span>
    </p>

    <p class='ocr_par' dir='ltr' id='par_1_5' title="bbox 494 1479 2723 2727">
     <span class='ocr_line' id='line_1_12' title="bbox 825 1479 2100 1562; baseline -0.002 -21"><span class='ocrx_word' id='word_1_89' title='bbox 825 1501 1004 1562; x_wconf 83' lang='lat' dir='ltr'>penes</span> <span class='ocrx_word' id='word_1_90' title='bbox 1031 1480 1195 1542; x_wconf 88' lang='lat' dir='ltr'>illum</span> <span class='ocrx_word' id='word_1_91' title='bbox 1222 1480 1349 1541; x_wconf 86' lang='lat' dir='ltr'>laus</span> <span class='ocrx_word' id='word_1_92' title='bbox 1376 1489 1556 1561; x_wconf 85' lang='lat' dir='ltr'>atque</span> <span class='ocrx_word' id='word_1_93' title='bbox 1579 1479 1741 1539; x_wconf 81' lang='lat' dir='ltr'>fama</span> <span class='ocrx_word' id='word_1_94' title='bbox 1766 1479 2100 1560; x_wconf 80' lang='lat' dir='ltr'>permansit.</span> 
     </span>
     <span class='ocr_line' id='line_1_13' title="bbox 908 1573 2718 1659; baseline 0 -21"><span class='ocrx_word' id='word_1_95' title='bbox 908 1584 1006 1641; x_wconf 80' lang='lat'>38,</span> <span class='ocrx_word' id='word_1_96' title='bbox 1053 1576 1274 1638; x_wconf 58' lang='lat' dir='ltr'>Anno*</span> <span class='ocrx_word' id='word_1_97' title='bbox 1313 1578 1416 1659; x_wconf 91' lang='lat' dir='ltr'>qni</span> <span class='ocrx_word' id='word_1_98' title='bbox 1448 1577 1682 1637; x_wconf 84' lang='lat' dir='ltr'>tertium</span> <span class='ocrx_word' id='word_1_99' title='bbox 1724 1575 1889 1636; x_wconf 91' lang='lat' dir='ltr'>Curii</span> <span class='ocrx_word' id='word_1_100' title='bbox 1928 1573 2296 1637; x_wconf 88' lang='lat' dir='ltr'>consulatum</span> <span class='ocrx_word' id='word_1_101' title='bbox 2332 1586 2566 1638; x_wconf 81' lang='lat' dir='ltr'>secutus</span> <span class='ocrx_word' id='word_1_102' title='bbox 2604 1587 2718 1650; x_wconf 63' lang='grc' dir='ltr'>ωε,</span> 
     </span>
     <span class='ocr_line' id='line_1_14' title="bbox 532 1671 2720 1758; baseline -0.001 -20"><span class='ocrx_word' id='word_1_103' title='bbox 532 1687 735 1756; x_wconf 75' lang='lat' dir='ltr'>Eutrop.</span> <span class='ocrx_word' id='word_1_104' title='bbox 765 1690 801 1739; x_wconf 89' lang='lat'>1.</span> <span class='ocrx_word' id='word_1_105' title='bbox 822 1675 1074 1757; x_wconf 84' lang='lat' dir='ltr'>primum</span> <span class='ocrx_word' id='word_1_106' title='bbox 1118 1675 1197 1735; x_wconf 89' lang='lat' dir='ltr'>ab</span> <span class='ocrx_word' id='word_1_107' title='bbox 1237 1673 1667 1735; x_wconf 79' lang='lat' dir='ltr'>Alexandrinis</span> <span class='ocrx_word' id='word_1_108' title='bbox 1696 1673 1927 1752; x_wconf 88' lang='lat' dir='ltr'>regibus</span> <span class='ocrx_word' id='word_1_109' title='bbox 1946 1671 2147 1758; x_wconf 26' lang='lat' dir='ltr'>‘legati</span> <span class='ocrx_word' id='word_1_110' title='bbox 2196 1692 2332 1732; x_wconf 85' lang='lat' dir='ltr'>cum</span> <span class='ocrx_word' id='word_1_111' title='bbox 2381 1675 2720 1736; x_wconf 88' lang='lat' dir='ltr'>muneribus</span> 
     </span>
     <span class='ocr_line' id='line_1_15' title="bbox 501 1767 2723 1844; baseline -0 -10"><span class='ocrx_word' id='word_1_112' title='bbox 501 1767 567 1802; x_wconf 86' lang='lat'>¹¹·</span> <span class='ocrx_word' id='word_1_113' title='bbox 769 1768 778 1779; x_wconf 84' lang='lat'>&#39;</span> <span class='ocrx_word' id='word_1_114' title='bbox 827 1772 1088 1835; x_wconf 86' lang='lat' dir='ltr'>Romam</span> <span class='ocrx_word' id='word_1_115' title='bbox 1112 1780 1416 1843; x_wconf 84' lang='lat' dir='ltr'>venerunt,</span> <span class='ocrx_word' id='word_1_116' title='bbox 1444 1772 1504 1831; x_wconf 88' lang='lat' dir='ltr'>in</span> <span class='ocrx_word' id='word_1_117' title='bbox 1525 1770 1601 1833; x_wconf 90' lang='lat' dir='ltr'>C.</span> <span class='ocrx_word' id='word_1_118' title='bbox 1624 1769 1798 1830; x_wconf 86' lang='lat' dir='ltr'>Fabii</span> <span class='ocrx_word' id='word_1_119' title='bbox 1827 1769 2129 1841; x_wconf 86' lang='lat' dir='ltr'>Dorsonis,</span> <span class='ocrx_word' id='word_1_120' title='bbox 2159 1769 2234 1831; x_wconf 88' lang='lat' dir='ltr'>C.</span> <span class='ocrx_word' id='word_1_121' title='bbox 2264 1769 2505 1844; x_wconf 85' lang='lat' dir='ltr'>Claudii</span> <span class='ocrx_word' id='word_1_122' title='bbox 2534 1771 2723 1833; x_wconf 88' lang='lat' dir='ltr'>Cani·</span> 
     </span>
     <span class='ocr_line' id='line_1_16' title="bbox 501 1866 2719 1950; baseline -0.002 -19"><span class='ocrx_word' id='word_1_123' title='bbox 501 1881 725 1934; x_wconf 73' lang='lat' dir='ltr'>zonam.</span> <span class='ocrx_word' id='word_1_124' title='bbox 826 1891 918 1931; x_wconf 77' lang='lat' dir='ltr'>nae</span> <span class='ocrx_word' id='word_1_125' title='bbox 959 1870 1321 1950; x_wconf 85' lang='lat' dir='ltr'>magistratu.</span> <span class='ocrx_word' id='word_1_126' title='bbox 1406 1867 1771 1928; x_wconf 62' lang='lat' dir='ltr'>Ptolemaeus</span> <span class='ocrx_word' id='word_1_127' title='bbox 1819 1874 2207 1946; x_wconf 77' lang='lat' dir='ltr'>cognomento</span> <span class='ocrx_word' id='word_1_128' title='bbox 2256 1866 2719 1950; x_wconf 70' lang='lat' dir='ltr'>Philadelphus,</span> 
     </span>
     <span class='ocr_line' id='line_1_17' title="bbox 825 1963 2720 2048; baseline -0.001 -20"><span class='ocrx_word' id='word_1_129' title='bbox 825 1967 1027 2028; x_wconf 89' lang='lat' dir='ltr'>audita</span> <span class='ocrx_word' id='word_1_130' title='bbox 1054 1966 1275 2047; x_wconf 79' lang='lat' dir='ltr'>Pyrrhi</span> <span class='ocrx_word' id='word_1_131' title='bbox 1300 1965 1462 2045; x_wconf 84' lang='lat' dir='ltr'>fuga,</span> <span class='ocrx_word' id='word_1_132' title='bbox 1484 1963 1842 2044; x_wconf 78' lang='lat' dir='ltr'>gratulatum</span> <span class='ocrx_word' id='word_1_133' title='bbox 1867 1963 2043 2036; x_wconf 89' lang='lat' dir='ltr'>misit,</span> <span class='ocrx_word' id='word_1_134' title='bbox 2064 1965 2449 2047; x_wconf 84' lang='lat' dir='ltr'>petitumque,</span> <span class='ocrx_word' id='word_1_135' title='bbox 2478 1976 2495 2003; x_wconf 79' lang='lat'><strong><em>⁶</em></strong></span> <span class='ocrx_word' id='word_1_136' title='bbox 2518 1977 2586 2027; x_wconf 89' lang='lat' dir='ltr'>ut</span> <span class='ocrx_word' id='word_1_137' title='bbox 2610 1987 2720 2048; x_wconf 84' lang='lat' dir='ltr'>po-</span> 
     </span>
     <span class='ocr_line' id='line_1_18' title="bbox 532 2060 2719 2147; baseline 0.002 -28"><span class='ocrx_word' id='word_1_138' title='bbox 532 2070 633 2119; x_wconf 85' lang='lat' dir='ltr'>Dio</span> <span class='ocrx_word' id='word_1_139' title='bbox 673 2070 802 2147; x_wconf 56' lang='lat' dir='ltr'>apud</span> <span class='ocrx_word' id='word_1_140' title='bbox 825 2064 948 2146; x_wconf 86' lang='lat' dir='ltr'>puli</span> <span class='ocrx_word' id='word_1_141' title='bbox 999 2063 1261 2126; x_wconf 85' lang='lat' dir='ltr'>Romani</span> <span class='ocrx_word' id='word_1_142' title='bbox 1306 2061 1496 2122; x_wconf 80' lang='lat' dir='ltr'>socius</span> <span class='ocrx_word' id='word_1_143' title='bbox 1544 2069 1609 2121; x_wconf 89' lang='lat' dir='ltr'>et</span> <span class='ocrx_word' id='word_1_144' title='bbox 1655 2060 1878 2121; x_wconf 87' lang='lat' dir='ltr'>amicus</span> <span class='ocrx_word' id='word_1_145' title='bbox 1926 2060 2277 2123; x_wconf 65' lang='lat' dir='ltr'>baberetur!</span> <span class='ocrx_word' id='word_1_146' title='bbox 2375 2062 2603 2123; x_wconf 80' lang='lat' dir='ltr'>Laetum</span> <span class='ocrx_word' id='word_1_147' title='bbox 2656 2063 2719 2123; x_wconf 88' lang='lat' dir='ltr'>id</span> 
     </span>
     <span class='ocr_line' id='line_1_19' title="bbox 496 2133 2722 2240; baseline 0.001 -19"><span class='ocrx_word' id='word_1_148' title='bbox 496 2133 800 2185; x_wconf 54' lang='lat' dir='ltr'>Palmam.</span> <span class='ocrx_word' id='word_1_149' title='bbox 823 2160 1323 2240; x_wconf 86' lang='lat' dir='ltr'>honorificumque</span> <span class='ocrx_word' id='word_1_150' title='bbox 1366 2158 1656 2219; x_wconf 84' lang='lat' dir='ltr'>Patribus</span> <span class='ocrx_word' id='word_1_151' title='bbox 1687 2157 1897 2228; x_wconf 79' lang='lat' dir='ltr'>visum,</span> <span class='ocrx_word' id='word_1_152' title='bbox 1934 2157 2095 2239; x_wconf 91' lang='lat' dir='ltr'>quod</span> <span class='ocrx_word' id='word_1_153' title='bbox 2148 2159 2408 2220; x_wconf 87' lang='lat' dir='ltr'>amicitia</span> <span class='ocrx_word' id='word_1_154' title='bbox 2436 2159 2722 2223; x_wconf 82' lang='lat' dir='ltr'>Romana</span> 
     </span>
     <span class='ocr_line' id='line_1_20' title="bbox 828 2253 2718 2337; baseline 0.002 -21"><span class='ocrx_word' id='word_1_155' title='bbox 828 2255 984 2318; x_wconf 86' lang='lat' dir='ltr'>ultro</span> <span class='ocrx_word' id='word_1_156' title='bbox 1007 2278 1046 2318; x_wconf 90' lang='lat' dir='ltr'>a</span> <span class='ocrx_word' id='word_1_157' title='bbox 1069 2266 1192 2317; x_wconf 85' lang='lat' dir='ltr'>tam</span> <span class='ocrx_word' id='word_1_158' title='bbox 1218 2255 1556 2337; x_wconf 88' lang='lat' dir='ltr'>potentibus</span> <span class='ocrx_word' id='word_1_159' title='bbox 1590 2263 1830 2336; x_wconf 86' lang='lat' dir='ltr'>tamque</span> <span class='ocrx_word' id='word_1_160' title='bbox 1857 2253 2189 2336; x_wconf 78' lang='lat' dir='ltr'>longinquis</span> <span class='ocrx_word' id='word_1_161' title='bbox 2212 2257 2443 2337; x_wconf 88' lang='lat' dir='ltr'>regibus</span> <span class='ocrx_word' id='word_1_162' title='bbox 2468 2258 2718 2319; x_wconf 90' lang='lat' dir='ltr'>ambire-</span> 
     </span>
     <span class='ocr_line' id='line_1_21' title="bbox 824 2351 2719 2434; baseline 0.002 -20"><span class='ocrx_word' id='word_1_163' title='bbox 824 2363 940 2418; x_wconf 86' lang='lat' dir='ltr'>tur.</span> <span class='ocrx_word' id='word_1_164' title='bbox 1023 2353 1215 2434; x_wconf 78' lang='lat' dir='ltr'>Igitur</span> <span class='ocrx_word' id='word_1_165' title='bbox 1254 2353 1494 2414; x_wconf 88' lang='lat' dir='ltr'>comiter</span> <span class='ocrx_word' id='word_1_166' title='bbox 1536 2352 1796 2434; x_wconf 86' lang='lat' dir='ltr'>acceptis</span> <span class='ocrx_word' id='word_1_167' title='bbox 1834 2351 2163 2433; x_wconf 89' lang='lat' dir='ltr'>habitisque</span> <span class='ocrx_word' id='word_1_168' title='bbox 2206 2351 2435 2433; x_wconf 85' lang='lat' dir='ltr'>legatis,</span> <span class='ocrx_word' id='word_1_169' title='bbox 2471 2356 2719 2416; x_wconf 81' lang='lat' dir='ltr'>societa-</span> 
     </span>
     <span class='ocr_line' id='line_1_22' title="bbox 525 2446 2717 2530; baseline -0 -17"><span class='ocrx_word' id='word_1_170' title='bbox 525 2446 637 2496; x_wconf 66' lang='lat' dir='ltr'>H&#39;·</span> <span class='ocrx_word' id='word_1_171' title='bbox 672 2446 804 2513; x_wconf 76' lang='lat' dir='ltr'>Epir.</span> <span class='ocrx_word' id='word_1_172' title='bbox 826 2461 945 2512; x_wconf 90' lang='lat' dir='ltr'>tem</span> <span class='ocrx_word' id='word_1_173' title='bbox 969 2472 1104 2513; x_wconf 89' lang='lat' dir='ltr'>cum</span> <span class='ocrx_word' id='word_1_174' title='bbox 1133 2450 1467 2512; x_wconf 77' lang='lat' dir='ltr'>Ptolemaeo</span> <span class='ocrx_word' id='word_1_175' title='bbox 1481 2450 1659 2530; x_wconf 85' lang='lat' dir='ltr'>jungi</span> <span class='ocrx_word' id='word_1_176' title='bbox 1686 2448 1944 2530; x_wconf 85' lang='lat' dir='ltr'>placuit:</span> <span class='ocrx_word' id='word_1_177' title='bbox 1988 2450 2162 2510; x_wconf 79' lang='lat' dir='ltr'>simul</span> <span class='ocrx_word' id='word_1_178' title='bbox 2193 2449 2408 2511; x_wconf 89' lang='lat' dir='ltr'>delecti</span> <span class='ocrx_word' id='word_1_179' title='bbox 2447 2472 2525 2511; x_wconf 82' lang='lat' dir='ltr'>ex</span> <span class='ocrx_word' id='word_1_180' title='bbox 2552 2451 2717 2513; x_wconf 86' lang='lat' dir='ltr'>illus-</span> 
     </span>
     <span class='ocr_line' id='line_1_23' title="bbox 494 2527 2717 2630; baseline 0 -21"><span class='ocrx_word' id='word_1_181' title='bbox 494 2527 723 2627; x_wconf 50' lang='lat' dir='ltr'>{zssm</span> <span class='ocrx_word' id='word_1_182' title='bbox 823 2550 1029 2622; x_wconf 88' lang='lat' dir='ltr'>tribus,</span> <span class='ocrx_word' id='word_1_183' title='bbox 1058 2549 1159 2630; x_wconf 89' lang='lat' dir='ltr'>qui</span> <span class='ocrx_word' id='word_1_184' title='bbox 1184 2546 1603 2610; x_wconf 74' lang='lat' dir='ltr'>confirmandae</span> <span class='ocrx_word' id='word_1_185' title='bbox 1628 2548 1759 2626; x_wconf 86' lang='lat' dir='ltr'>ejus</span> <span class='ocrx_word' id='word_1_186' title='bbox 1781 2545 2179 2626; x_wconf 88' lang='lat' dir='ltr'>reddendique</span> <span class='ocrx_word' id='word_1_187' title='bbox 2212 2545 2386 2608; x_wconf 86' lang='lat' dir='ltr'>officii</span> <span class='ocrx_word' id='word_1_188' title='bbox 2412 2549 2605 2628; x_wconf 87' lang='lat' dir='ltr'>gratia</span> <span class='ocrx_word' id='word_1_189' title='bbox 2630 2550 2717 2610; x_wconf 86' lang='lat' dir='ltr'>le·</span> 
     </span>
     <span class='ocr_line' id='line_1_24' title="bbox 528 2641 2715 2727; baseline 0 -20"><span class='ocrx_word' id='word_1_190' title='bbox 528 2641 641 2691; x_wconf 71' lang='lat' dir='ltr'>val.</span> <span class='ocrx_word' id='word_1_191' title='bbox 658 2642 798 2694; x_wconf 67' lang='lat' dir='ltr'>Mu·</span> <span class='ocrx_word' id='word_1_192' title='bbox 823 2646 1058 2727; x_wconf 89' lang='lat' dir='ltr'>gatione</span> <span class='ocrx_word' id='word_1_193' title='bbox 1108 2646 1185 2706; x_wconf 87' lang='lat' dir='ltr'>ad</span> <span class='ocrx_word' id='word_1_194' title='bbox 1235 2666 1431 2726; x_wconf 88' lang='lat' dir='ltr'>regem</span> <span class='ocrx_word' id='word_1_195' title='bbox 1475 2643 1874 2724; x_wconf 84' lang='lat' dir='ltr'>fungerentur,</span> <span class='ocrx_word' id='word_1_196' title='bbox 1923 2642 2006 2709; x_wconf 81' lang='lat' dir='ltr'>Q.</span> <span class='ocrx_word' id='word_1_197' title='bbox 2076 2642 2297 2704; x_wconf 78' lang='lat' dir='ltr'>Fabius</span> <span class='ocrx_word' id='word_1_198' title='bbox 2347 2643 2581 2725; x_wconf 82' lang='lat' dir='ltr'>Gurges</span> <span class='ocrx_word' id='word_1_199' title='bbox 2638 2667 2715 2707; x_wconf 86' lang='lat' dir='ltr'>ex</span> 
     </span>
    </p>
   </div>
   <div class='ocr_carea' id='block_1_5' title="bbox 491 2710 2715 2822">
    <p class='ocr_par' dir='ltr' id='par_1_6' title="bbox 491 2710 2715 2822">
     <span class='ocr_line' id='line_1_25' title="bbox 491 2710 2715 2822; baseline 0.005 -26"><span class='ocrx_word' id='word_1_200' title='bbox 491 2721 570 2822; x_wconf 60' lang='lat' dir='ltr'>iv.</span> <span class='ocrx_word' id='word_1_201' title='bbox 588 2710 636 2757; x_wconf 72' lang='lat'>⁸⁸</span> <span class='ocrx_word' id='word_1_202' title='bbox 659 2713 709 2758; x_wconf 75' lang='lat'>⁹&#39;</span> <span class='ocrx_word' id='word_1_203' title='bbox 822 2743 1245 2814; x_wconf 84' lang='lat' dir='ltr'>consularibus,</span> <span class='ocrx_word' id='word_1_204' title='bbox 1271 2752 1335 2804; x_wconf 89' lang='lat' dir='ltr'>et</span> <span class='ocrx_word' id='word_1_205' title='bbox 1356 2763 1491 2804; x_wconf 87' lang='lat' dir='ltr'>cum</span> <span class='ocrx_word' id='word_1_206' title='bbox 1526 2762 1601 2803; x_wconf 93' lang='lat' dir='ltr'>eo</span> <span class='ocrx_word' id='word_1_207' title='bbox 1634 2739 1712 2801; x_wconf 87' lang='lat' dir='ltr'>C.</span> <span class='ocrx_word' id='word_1_208' title='bbox 1740 2750 1804 2800; x_wconf 90' lang='lat' dir='ltr'>et</span> <span class='ocrx_word' id='word_1_209' title='bbox 1842 2738 2165 2800; x_wconf 83' lang='lat' dir='ltr'>Numerius</span> <span class='ocrx_word' id='word_1_210' title='bbox 2206 2739 2378 2800; x_wconf 86' lang='lat' dir='ltr'>Fabii</span> <span class='ocrx_word' id='word_1_211' title='bbox 2418 2740 2715 2815; x_wconf 72' lang='lat' dir='ltr'>Pictum,</span> 
     </span>
    </p>
   </div>
   <div class='ocr_carea' id='block_1_6' title="bbox 489 2839 2717 3793">
    <p class='ocr_par' dir='ltr' id='par_1_7' title="bbox 489 2839 2717 3793">
     <span class='ocr_line' id='line_1_26' title="bbox 824 2839 1544 2920; baseline -0.003 -18"><span class='ocrx_word' id='word_1_212' title='bbox 824 2842 1201 2920; x_wconf 81' lang='lat' dir='ltr'>Quintusque</span> <span class='ocrx_word' id='word_1_213' title='bbox 1227 2839 1544 2918; x_wconf 86' lang='lat' dir='ltr'>Ogulnius.</span> 
     </span>
     <span class='ocr_line' id='line_1_27' title="bbox 494 2922 2715 3038; baseline 0.013 -68"><span class='ocrx_word' id='word_1_214' title='bbox 494 2922 633 3038; x_wconf 40' lang='grc' dir='ltr'>ἂν.</span> <span class='ocrx_word' id='word_1_215' title='bbox 666 2923 798 2989; x_wconf 77' lang='lat' dir='ltr'>Epit-</span> <span class='ocrx_word' id='word_1_216' title='bbox 904 2945 1004 2999; x_wconf 78' lang='grc'>39.</span> <span class='ocrx_word' id='word_1_217' title='bbox 1035 2936 1174 2997; x_wconf 75' lang='lat' dir='ltr'>‘His</span> <span class='ocrx_word' id='word_1_218' title='bbox 1196 2935 1494 3018; x_wconf 85' lang='lat' dir='ltr'>prosectis,</span> <span class='ocrx_word' id='word_1_219' title='bbox 1540 2935 1820 2997; x_wconf 79' lang='lat' dir='ltr'>adversus</span> <span class='ocrx_word' id='word_1_220' title='bbox 1855 2935 2101 2998; x_wconf 81' lang='lat' dir='ltr'>Italicos</span> <span class='ocrx_word' id='word_1_221' title='bbox 2124 2935 2393 3019; x_wconf 83' lang='lat' dir='ltr'>populos,</span> <span class='ocrx_word' id='word_1_222' title='bbox 2420 2938 2521 3017; x_wconf 90' lang='lat' dir='ltr'>qui</span> <span class='ocrx_word' id='word_1_223' title='bbox 2547 2957 2715 2999; x_wconf 78' lang='lat' dir='ltr'>arma</span> 
     </span>
     <span class='ocr_line' id='line_1_28' title="bbox 592 3020 2717 3116; baseline 0 -20"><span class='ocrx_word' id='word_1_224' title='bbox 592 3020 608 3038; x_wconf 65' lang='lat'><em>⁶</em></span> <span class='ocrx_word' id='word_1_225' title='bbox 823 3035 1014 3096; x_wconf 85' lang='lat' dir='ltr'>adhuc</span> <span class='ocrx_word' id='word_1_226' title='bbox 1041 3035 1379 3095; x_wconf 81' lang='lat' dir='ltr'>necessitate</span> <span class='ocrx_word' id='word_1_227' title='bbox 1413 3043 1476 3095; x_wconf 89' lang='lat' dir='ltr'>et</span> <span class='ocrx_word' id='word_1_228' title='bbox 1508 3033 1915 3116; x_wconf 83' lang='lat' dir='ltr'>desperatione</span> <span class='ocrx_word' id='word_1_229' title='bbox 1938 3034 2289 3105; x_wconf 87' lang='lat' dir='ltr'>retinebant,</span> <span class='ocrx_word' id='word_1_230' title='bbox 2315 3054 2354 3094; x_wconf 87' lang='lat' dir='ltr'>a</span> <span class='ocrx_word' id='word_1_231' title='bbox 2375 3033 2717 3096; x_wconf 81' lang='lat' dir='ltr'>consulibus</span> 
     </span>
     <span class='ocr_line' id='line_1_29' title="bbox 822 3131 2715 3212; baseline 0.001 -20"><span class='ocrx_word' id='word_1_232' title='bbox 822 3132 1068 3194; x_wconf 86' lang='lat' dir='ltr'>feliciter</span> <span class='ocrx_word' id='word_1_233' title='bbox 1101 3132 1440 3193; x_wconf 79' lang='lat' dir='ltr'>dimicatum</span> <span class='ocrx_word' id='word_1_234' title='bbox 1475 3141 1584 3192; x_wconf 84' lang='lat' dir='ltr'>est.</span> <span class='ocrx_word' id='word_1_235' title='bbox 1672 3131 1941 3212; x_wconf 83' lang='lat' dir='ltr'>Majores</span> <span class='ocrx_word' id='word_1_236' title='bbox 1980 3131 2218 3192; x_wconf 89' lang='lat' dir='ltr'>alterius</span> <span class='ocrx_word' id='word_1_237' title='bbox 2238 3152 2333 3192; x_wconf 86' lang='lat' dir='ltr'>rea</span> <span class='ocrx_word' id='word_1_238' title='bbox 2354 3131 2529 3193; x_wconf 78' lang='lat' dir='ltr'>fnisse</span> <span class='ocrx_word' id='word_1_239' title='bbox 2556 3133 2715 3194; x_wconf 81' lang='lat' dir='ltr'>visas</span> 
     </span>
     <span class='ocr_line' id='line_1_30' title="bbox 490 3216 2709 3318; baseline 0 -29"><span class='ocrx_word' id='word_1_240' title='bbox 490 3216 620 3266; x_wconf 68' lang='lat' dir='ltr'>Fasti</span> <span class='ocrx_word' id='word_1_241' title='bbox 637 3216 797 3318; x_wconf 48' lang='lat' dir='ltr'>Cflffl·</span> <span class='ocrx_word' id='word_1_242' title='bbox 820 3228 1144 3309; x_wconf 87' lang='lat' dir='ltr'>triumphus</span> <span class='ocrx_word' id='word_1_243' title='bbox 1184 3228 1262 3292; x_wconf 89' lang='lat' dir='ltr'>C.</span> <span class='ocrx_word' id='word_1_244' title='bbox 1300 3227 1542 3290; x_wconf 84' lang='lat' dir='ltr'>Claudii</span> <span class='ocrx_word' id='word_1_245' title='bbox 1584 3226 1832 3288; x_wconf 81' lang='lat' dir='ltr'>Caninae</span> <span class='ocrx_word' id='word_1_246' title='bbox 1879 3236 2218 3307; x_wconf 85' lang='lat' dir='ltr'>argumento</span> <span class='ocrx_word' id='word_1_247' title='bbox 2260 3237 2370 3300; x_wconf 87' lang='lat' dir='ltr'>est,</span> <span class='ocrx_word' id='word_1_248' title='bbox 2413 3249 2589 3309; x_wconf 87' lang='lat' dir='ltr'>quem</span> <span class='ocrx_word' id='word_1_249' title='bbox 2632 3229 2709 3290; x_wconf 87' lang='lat' dir='ltr'>de</span> 
     </span>
     <span class='ocr_line' id='line_1_31' title="bbox 821 3323 2710 3404; baseline 0.001 -20"><span class='ocrx_word' id='word_1_250' title='bbox 821 3325 1094 3397; x_wconf 88' lang='lat' dir='ltr'>Lucanis,</span> <span class='ocrx_word' id='word_1_251' title='bbox 1143 3324 1526 3397; x_wconf 84' lang='lat' dir='ltr'>Samnitibus,</span> <span class='ocrx_word' id='word_1_252' title='bbox 1576 3323 1846 3396; x_wconf 89' lang='lat' dir='ltr'>Bruttiis,</span> <span class='ocrx_word' id='word_1_253' title='bbox 1887 3325 1946 3383; x_wconf 91' lang='lat' dir='ltr'>in</span> <span class='ocrx_word' id='word_1_254' title='bbox 1996 3325 2336 3404; x_wconf 84' lang='lat' dir='ltr'>magistratu</span> <span class='ocrx_word' id='word_1_255' title='bbox 2387 3346 2494 3386; x_wconf 87' lang='lat' dir='ltr'>suo</span> <span class='ocrx_word' id='word_1_256' title='bbox 2533 3325 2710 3387; x_wconf 84' lang='lat' dir='ltr'>duxit</span> 
     </span>
     <span class='ocr_line' id='line_1_32' title="bbox 817 3419 2709 3501; baseline 0.001 -19"><span class='ocrx_word' id='word_1_257' title='bbox 817 3422 1240 3489; x_wconf 80' lang='lat' dir='ltr'>Quirinalibus.</span> <span class='ocrx_word' id='word_1_258' title='bbox 1326 3421 1448 3482; x_wconf 88' lang='lat' dir='ltr'>Sed</span> <span class='ocrx_word' id='word_1_259' title='bbox 1473 3440 1664 3481; x_wconf 87' lang='lat' dir='ltr'>rerum</span> <span class='ocrx_word' id='word_1_260' title='bbox 1683 3419 1823 3481; x_wconf 80' lang='lat' dir='ltr'>foris</span> <span class='ocrx_word' id='word_1_261' title='bbox 1847 3440 2248 3501; x_wconf 85' lang='lat' dir='ltr'>prosperarum</span> <span class='ocrx_word' id='word_1_262' title='bbox 2270 3420 2535 3482; x_wconf 67' lang='lat' dir='ltr'>laetitiam</span> <span class='ocrx_word' id='word_1_263' title='bbox 2560 3443 2709 3484; x_wconf 92' lang='lat' dir='ltr'>non-</span> 
     </span>
     <span class='ocr_line' id='line_1_33' title="bbox 520 3511 2705 3597; baseline -0.002 -19"><span class='ocrx_word' id='word_1_264' title='bbox 520 3511 630 3562; x_wconf 79' lang='lat' dir='ltr'>Liv.</span> <span class='ocrx_word' id='word_1_265' title='bbox 660 3512 791 3578; x_wconf 75' lang='lat' dir='ltr'>Epit.</span> <span class='ocrx_word' id='word_1_266' title='bbox 816 3518 959 3578; x_wconf 88' lang='lat' dir='ltr'>nihil</span> <span class='ocrx_word' id='word_1_267' title='bbox 986 3520 1246 3579; x_wconf 81' lang='lat' dir='ltr'>turbavit</span> <span class='ocrx_word' id='word_1_268' title='bbox 1282 3517 1558 3590; x_wconf 85' lang='lat' dir='ltr'>Sextilia,</span> <span class='ocrx_word' id='word_1_269' title='bbox 1585 3537 1743 3597; x_wconf 75' lang='lat' dir='ltr'>quae,</span> <span class='ocrx_word' id='word_1_270' title='bbox 1766 3514 2008 3577; x_wconf 53' lang='lat' dir='ltr'>restalis</span> <span class='ocrx_word' id='word_1_271' title='bbox 2031 3518 2198 3597; x_wconf 79' lang='lat' dir='ltr'>virgo</span> <span class='ocrx_word' id='word_1_272' title='bbox 2231 3538 2366 3578; x_wconf 88' lang='lat' dir='ltr'>cum</span> <span class='ocrx_word' id='word_1_273' title='bbox 2407 3530 2580 3591; x_wconf 82' lang='lat' dir='ltr'>esset,</span> <span class='ocrx_word' id='word_1_274' title='bbox 2617 3520 2705 3579; x_wconf 87' lang='lat' dir='ltr'>in-</span> 
     </span>
     <span class='ocr_line' id='line_1_34' title="bbox 489 3591 2709 3697; baseline 0 -19"><span class='ocrx_word' id='word_1_275' title='bbox 489 3591 601 3627; x_wconf 52' lang='grc' dir='ltr'>ιη’</span> <span class='ocrx_word' id='word_1_276' title='bbox 813 3617 956 3677; x_wconf 83' lang='lat' dir='ltr'>cesti</span> <span class='ocrx_word' id='word_1_277' title='bbox 970 3625 1291 3697; x_wconf 82' lang='lat' dir='ltr'>comperta,</span> <span class='ocrx_word' id='word_1_278' title='bbox 1307 3614 1604 3675; x_wconf 84' lang='lat' dir='ltr'>temeratis</span> <span class='ocrx_word' id='word_1_279' title='bbox 1618 3614 2016 3694; x_wconf 79' lang='lat' dir='ltr'>religionibus,</span> <span class='ocrx_word' id='word_1_280' title='bbox 2032 3614 2289 3675; x_wconf 85' lang='lat' dir='ltr'>infensos</span> <span class='ocrx_word' id='word_1_281' title='bbox 2302 3615 2527 3676; x_wconf 83' lang='lat' dir='ltr'>civitati</span> <span class='ocrx_word' id='word_1_282' title='bbox 2542 3615 2709 3678; x_wconf 82' lang='lat' dir='ltr'>Deos</span> 
     </span>
     <span class='ocr_line' id='line_1_35' title="bbox 812 3709 2705 3793; baseline 0 -19"><span class='ocrx_word' id='word_1_283' title='bbox 812 3713 1075 3774; x_wconf 83' lang='lat' dir='ltr'>effecisse</span> <span class='ocrx_word' id='word_1_284' title='bbox 1099 3712 1479 3773; x_wconf 82' lang='lat' dir='ltr'>credebatur:</span> <span class='ocrx_word' id='word_1_285' title='bbox 1523 3710 1629 3772; x_wconf 84' lang='lat' dir='ltr'>sed</span> <span class='ocrx_word' id='word_1_286' title='bbox 1661 3710 1909 3793; x_wconf 83' lang='lat' dir='ltr'>piaculis</span> <span class='ocrx_word' id='word_1_287' title='bbox 1937 3721 2002 3771; x_wconf 88' lang='lat' dir='ltr'>et</span> <span class='ocrx_word' id='word_1_288' title='bbox 2033 3712 2212 3771; x_wconf 85' lang='lat' dir='ltr'>sacris</span> <span class='ocrx_word' id='word_1_289' title='bbox 2242 3709 2481 3793; x_wconf 85' lang='lat' dir='ltr'>placata</span> <span class='ocrx_word' id='word_1_290' title='bbox 2507 3712 2705 3774; x_wconf 90' lang='lat' dir='ltr'>Deum</span> 
     </span>
    </p>
   </div>
   <div class='ocr_carea' id='block_1_7' title="bbox 482 3808 2704 4075">
    <p class='ocr_par' dir='ltr' id='par_1_8' title="bbox 482 3808 2704 4075">
     <span class='ocr_line' id='line_1_36' title="bbox 487 3808 2704 3930; baseline 0.001 -64"><span class='ocrx_word' id='word_1_291' title='bbox 487 3815 723 3930; x_wconf 45' lang='lat' dir='ltr'>331⁸&amp;ae</span> <span class='ocrx_word' id='word_1_292' title='bbox 741 3821 790 3867; x_wconf 75' lang='lat'>2.</span> <span class='ocrx_word' id='word_1_293' title='bbox 814 3810 922 3882; x_wconf 85' lang='lat' dir='ltr'>ira,</span> <span class='ocrx_word' id='word_1_294' title='bbox 946 3809 1356 3890; x_wconf 79' lang='lat' dir='ltr'>sacerdosque,</span> <span class='ocrx_word' id='word_1_295' title='bbox 1383 3829 1550 3870; x_wconf 79' lang='lat' dir='ltr'>verso</span> <span class='ocrx_word' id='word_1_296' title='bbox 1572 3809 1633 3868; x_wconf 88' lang='lat' dir='ltr'>in</span> <span class='ocrx_word' id='word_1_297' title='bbox 1658 3809 1899 3869; x_wconf 86' lang='lat' dir='ltr'>noxium</span> <span class='ocrx_word' id='word_1_298' title='bbox 1922 3818 2106 3889; x_wconf 76' lang='lat' dir='ltr'>eaput</span> <span class='ocrx_word' id='word_1_299' title='bbox 2128 3808 2437 3890; x_wconf 85' lang='lat' dir='ltr'>supplicio,</span> <span class='ocrx_word' id='word_1_300' title='bbox 2465 3808 2544 3870; x_wconf 88' lang='lat' dir='ltr'>ad</span> <span class='ocrx_word' id='word_1_301' title='bbox 2570 3830 2704 3891; x_wconf 87' lang='lat' dir='ltr'>por-</span> 
     </span>
     <span class='ocr_line' id='line_1_37' title="bbox 482 3947 2702 4075; baseline 0.004 -17"><span class='ocrx_word' id='word_1_302' title='bbox 482 3947 612 4059; x_wconf 48' lang='lat' dir='ltr'>’lssii&#39;m</span> <span class='ocrx_word' id='word_1_303' title='bbox 636 4024 721 4059; x_wconf 87' lang='lat'>111.</span> <span class='ocrx_word' id='word_1_304' title='bbox 737 4015 787 4060; x_wconf 74' lang='lat'>⁶.</span> <span class='ocrx_word' id='word_1_305' title='bbox 813 4001 1082 4064; x_wconf 81' lang='lat' dir='ltr'>deductae</span> <span class='ocrx_word' id='word_1_306' title='bbox 1107 4013 1263 4075; x_wconf 87' lang='lat' dir='ltr'>sunt,</span> <span class='ocrx_word' id='word_1_307' title='bbox 1294 4001 1456 4063; x_wconf 89' lang='lat' dir='ltr'>Cosa</span> <span class='ocrx_word' id='word_1_308' title='bbox 1479 4004 1541 4062; x_wconf 91' lang='lat' dir='ltr'>in</span> <span class='ocrx_word' id='word_1_309' title='bbox 1570 4000 2032 4074; x_wconf 85' lang='lat' dir='ltr'>Volscientibns,</span> <span class='ocrx_word' id='word_1_310' title='bbox 2061 4011 2122 4063; x_wconf 92' lang='lat' dir='ltr'>et</span> <span class='ocrx_word' id='word_1_311' title='bbox 2147 4002 2208 4062; x_wconf 88' lang='lat' dir='ltr'>in</span> <span class='ocrx_word' id='word_1_312' title='bbox 2237 4001 2502 4063; x_wconf 86' lang='lat' dir='ltr'>Lucania</span> <span class='ocrx_word' id='word_1_313' title='bbox 2529 4002 2702 4067; x_wconf 81' lang='lat' dir='ltr'>Paes-</span> 
     </span>
    </p>
   </div>
   <div class='ocr_carea' id='block_1_8' title="bbox 482 4074 2700 4300">
    <p class='ocr_par' dir='ltr' id='par_1_9' title="bbox 482 4074 2700 4300">
     <span class='ocr_line' id='line_1_38' title="bbox 482 4074 2700 4203; baseline 0 -42"><span class='ocrx_word' id='word_1_314' title='bbox 482 4074 789 4203; x_wconf 45' lang='grc' dir='ltr'>Ρῗξξῗῗῃ·</span> <span class='ocrx_word' id='word_1_315' title='bbox 811 4107 959 4172; x_wconf 85' lang='lat' dir='ltr'>tum,</span> <span class='ocrx_word' id='word_1_316' title='bbox 986 4120 1119 4181; x_wconf 78' lang='lat' dir='ltr'>qnae</span> <span class='ocrx_word' id='word_1_317' title='bbox 1137 4099 1366 4162; x_wconf 82' lang='lat' dir='ltr'>Graecis</span> <span class='ocrx_word' id='word_1_318' title='bbox 1395 4098 1723 4160; x_wconf 81' lang='lat' dir='ltr'>Posidonia</span> <span class='ocrx_word' id='word_1_319' title='bbox 1747 4108 2013 4160; x_wconf 86' lang='lat' dir='ltr'>vocatur.</span> <span class='ocrx_word' id='word_1_320' title='bbox 2074 4098 2230 4160; x_wconf 86' lang='lat' dir='ltr'>Eam</span> <span class='ocrx_word' id='word_1_321' title='bbox 2254 4098 2480 4161; x_wconf 86' lang='lat' dir='ltr'>Lucani</span> <span class='ocrx_word' id='word_1_322' title='bbox 2508 4100 2700 4180; x_wconf 80' lang='lat' dir='ltr'>Syba-</span> 
     </span>
     <span class='ocr_line' id='line_1_39' title="bbox 1382 4238 2116 4300; baseline -0.007 -6"><span class='ocrx_word' id='word_1_323' title='bbox 1382 4239 1400 4300; x_wconf 50' lang='grc' dir='ltr'><strong><em>ᾗ</em></strong></span> <span class='ocrx_word' id='word_1_324' title='bbox 1431 4238 1497 4294; x_wconf 81' lang='grc' dir='ltr'>Α.</span> <span class='ocrx_word' id='word_1_325' title='bbox 1519 4240 1587 4291; x_wconf 83' lang='lat' dir='ltr'>U.</span> <span class='ocrx_word' id='word_1_326' title='bbox 1610 4239 1671 4293; x_wconf 83' lang='lat' dir='ltr'>C.</span> <span class='ocrx_word' id='word_1_327' title='bbox 1692 4244 1807 4293; x_wconf 75' lang='lat'>4⁷9.</span> <span class='ocrx_word' id='word_1_328' title='bbox 1838 4240 1906 4295; x_wconf 82' lang='grc' dir='ltr'>Α.</span> <span class='ocrx_word' id='word_1_329' title='bbox 1926 4242 1985 4295; x_wconf 83' lang='lat' dir='ltr'>C·</span> <span class='ocrx_word' id='word_1_330' title='bbox 2001 4244 2116 4292; x_wconf 66' lang='lat'><em>2³12.</em></span> 
     </span>
    </p>
   </div>
   <div class='ocr_carea' id='block_1_9' title="bbox 752 3898 2865 3984">
    <p class='ocr_par' dir='ltr' id='par_1_10' title="bbox 752 3898 2865 3984">
     <span class='ocr_line' id='line_1_40' title="bbox 752 3898 2865 3984; baseline 0.001 -18"><span class='ocrx_word' id='word_1_331' title='bbox 752 3898 789 3929; x_wconf 82' lang='lat'>¹·</span> <span class='ocrx_word' id='word_1_332' title='bbox 813 3915 936 3966; x_wconf 83' lang='lat' dir='ltr'>tam</span> <span class='ocrx_word' id='word_1_333' title='bbox 954 3906 1254 3966; x_wconf 83' lang='lat' dir='ltr'>Collinam</span> <span class='ocrx_word' id='word_1_334' title='bbox 1268 3906 1408 3967; x_wconf 77' lang='lat' dir='ltr'>viva</span> <span class='ocrx_word' id='word_1_335' title='bbox 1421 3905 1657 3967; x_wconf 82' lang='lat' dir='ltr'>defossa</span> <span class='ocrx_word' id='word_1_336' title='bbox 1675 3914 1784 3965; x_wconf 81' lang='lat' dir='ltr'>est.</span> <span class='ocrx_word' id='word_1_337' title='bbox 1855 3904 2077 3965; x_wconf 76' lang='lat' dir='ltr'>Iisdem</span> <span class='ocrx_word' id='word_1_338' title='bbox 2101 3903 2437 3966; x_wconf 87' lang='lat' dir='ltr'>consulibus</span> <span class='ocrx_word' id='word_1_339' title='bbox 2455 3906 2703 3968; x_wconf 73' lang='lat' dir='ltr'>coloniae</span> <span class='ocrx_word' id='word_1_340' title='bbox 2838 3965 2865 3984; x_wconf 71' lang='lat'>,</span> 
     </span>
    </p>
   </div>
   <div class='ocr_carea' id='block_1_10' title="bbox 2992 3813 3001 4791">
    <p class='ocr_par' dir='ltr' id='par_1_11' title="bbox 2992 3813 3001 4791">
     <span class='ocr_line' id='line_1_41' title="bbox 2992 3813 3001 4791; baseline 0 0"><span class='ocrx_word' id='word_1_341' title='bbox 2992 3813 3001 4791; x_wconf 95' lang='lat' dir='ltr'> </span> 
     </span>
    </p>
   </div>
  </div>
 </body>
</html>
