3025 4892
1037 323 1186 373 ms.
1231 321 1409 373 xxr.
1453 322 1621 373 cst.
1659 307 1767 374 54.
2324 308 2497 375 1747

299 489 452 536 nes.
540 467 888 549 Quantum⁴
934 468 1419 555 ingemiscant,'
1458 472 1697 556 inquit,
1738 479 1757 507 ‘
1778 473 2007 554 patres
2044 466 2276 547 nostri,
2318 469 2503 535 circa

301 573 556 642 moenia
600 573 1025 659 Carthaginis
1072 575 1324 642 bellare
1375 575 1578 653 soliti,
1621 575 1682 640 si
1725 571 2005 639 videant
2056 591 2206 651 noe,
2260 591 2500 656 proge-

302 678 486 744 niem
512 696 732 755 suam,
763 676 940 744 duos
969 678 1289 744 consules
1330 676 1851 761 consularesque
1879 675 2239 752 exercitus,
2269 674 2337 739 in
2363 695 2504 740 me-

303 780 423 846 dia
450 779 655 847 Italia
680 789 1006 866 paventes
1031 781 1202 847 intra
1230 783 1496 847 castra?
1541 780 1851 860 Poenum,
1882 777 2060 863 quod
2087 776 2260 843 inter
2286 775 2505 862 Alpes

306 881 880 968 Apenninumque
907 885 1050 968 agri
1083 884 1197 962 sit,
1229 903 1375 950 suae
1405 883 1681 949 ditionis
1709 881 1959 948 fecisse
1974 879 2027 946 ‘l'
2116 880 2295 946 Hoec
2340 881 2507 945 assi·

308 983 475 1050 dens
504 1005 683 1070 aegro
714 986 1016 1072 collegae,
1040 987 1188 1053 haec
1217 987 1287 1051 in
1318 986 1632 1071 praetorio
1663 1004 1875 1069 prope
1915 981 2509 1049 concionabundus

311 1108 536 1173 agere.
599 1089 1038 1158 ,Stimulabat
1074 1095 1141 1154 et
1168 1094 1438 1174 tempus
1469 1090 1920 1175 propinquum
1950 1087 2397 1165 comitiorum,
2424 1106 2511 1151 ne

309 1191 382 1256 in
410 1211 630 1258 novos
661 1192 972 1258 consules
999 1192 1254 1259 bellum
1282 1192 1678 1271 differretur,
1710 1197 1777 1257 et
1802 1190 2074 1257 occasio
2103 1189 2176 1255 in
2199 1208 2275 1254 se
2306 1208 2512 1253 unum

313 1294 648 1362 vertendas
676 1295 933 1379 gloriae,
978 1295 1135 1361 dum
1169 1314 1349 1379 aeger
1377 1295 1644 1379 collega
1671 1298 1837 1359 erat.
1929 1290 2195 1376 Itaque,
2235 1292 2513 1376 nequic-

315 1415 519 1481 quam
542 1395 972 1463 dissentiente
1016 1396 1360 1474 Cornelio,
1388 1398 1615 1481 parari
1659 1396 1744 1463 ad
1791 1396 2245 1482 propinquum
2295 1400 2513 1460 certa-

320 1518 479 1564 men
529 1499 777 1566 milites
821 1501 1040 1585 jubet.
1132 1501 1499 1583 Hannibal,
1545 1521 1722 1580 cum,
1765 1500 1930 1585 qnid
1973 1499 2298 1585 optimum
2341 1499 2517 1564 foret

325 1602 532 1682 hosti,
561 1611 875 1682 comeret,
913 1604 1034 1671 vix
1075 1603 1287 1671 ullam
1314 1624 1503 1691 spem
1534 1605 1848 1682 habebat,
1876 1608 2126 1669 temere
2165 1608 2371 1688 atque
2396 1603 2519 1668 im-

321 1705 613 1791 provide
634 1707 997 1792 quicquam
1015 1709 1328 1775 consules
1345 1716 1646 1786 acturoS,
1665 1727 1822 1774 cum
1845 1705 2120 1773 alterius
2141 1706 2520 1789 ingenium,³

316 1809 501 1876 sama
541 1810 753 1895 prius,
797 1810 1038 1877 deinde
1081 1832 1152 1877 re
1192 1812 1553 1896 cognitum,
1598 1812 1930 1897 percitum
1977 1829 2058 1875 ac
2093 1809 2279 1874 ferox
2323 1809 2526 1874 sciret

320 1932 499 1992 esse,
529 1913 961 1999 ferociusque
1000 1913 1258 1982 factum
1304 1933 1627 2000 prospero
1655 1933 1809 1981 cum
1851 1911 2337 1998 praedatoribus
2383 1913 2525 1977 suis

323 2015 695 2082 certamine
724 2017 1055 2102 crederem
1097 2017 1338 2085 adesse
1376 2017 1684 2102 gerendas
1711 2016 1807 2082 rei
1832 2016 2162 2083 fortunam
2193 2013 2368 2079 haud
2401 2013 2527 2079 dis·

325 2116 611 2188 fidebat·
696 2117 913 2206 Cujus
957 2140 1040 2187 ne
1077 2121 1261 2208 quod
1308 2123 1847 2207 praetermitteret
1902 2125 2189 2204 tempus,
2220 2117 2529 2184 solicitus

329 2221 774 2306 intentusque
794 2229 827 2270 4
869 2228 1036 2300 erat,
1073 2223 1234 2290 dum
1272 2226 1396 2291 tiro
1420 2224 1713 2291 hostium
1743 2227 1923 2290 esset
1948 2220 2168 2299 miles,
2199 2220 2358 2285 dum
2390 2239 2531 2285 me-

325 2323 564 2389 liorem
609 2344 699 2390 ex
729 2325 1021 2393 ducibus
1051 2327 1355 2393 inutilem
1397 2328 1638 2394 vulnus
1685 2326 1956 2403 faceret,
1999 2323 2158 2389 dum
2182 2322 2532 2389 Gallorum

328 2426 537 2491 animi
567 2427 898 2511 vigerent:
934 2448 1217 2515 quorum
1238 2429 1564 2514 ingentem
1596 2427 2080 2495 multitudinem
2106 2426 2364 2492 sciebat
2384 2444 2531 2507 seg·

325 2529 484 2595 nius
513 2540 920 2611 secuturam,
952 2538 1203 2616 quanto
1232 2531 1500 2616 longius
1524 2535 1613 2598 ab
1635 2531 1837 2598 domo
1856 2529 2317 2597 traherentur.⁵
2364 2525 2534 2593 Cum

331 2633 424 2698 ob
453 2631 607 2699 haec
631 2633 934 2719 taliaque
965 2641 1265 2720 speraret
1303 2636 1760 2721 propinquum
1790 2642 2151 2711 certamen,
2188 2637 2255 2698 et
2287 2630 2539 2708 facere,

331 2736 394 2800 si
423 2740 824 2815 cessaretur,
853 2744 1180 2821 cuperet:
1209 2737 1803 2822 speculatoresque
1831 2734 2044 2815 Galli,
2074 2733 2163 2799 ad
2188 2753 2271 2799 ea
2300 2732 2536 2818 explo-

334 2836 571 2917 randa,
601 2858 754 2923 quae
789 2838 1016 2920 vellet,
1043 2840 1350 2920 tutiores,
1381 2840 1546 2925 quia
1575 2840 1645 2906 in
1683 2839 1981 2924 utrisque
2012 2837 2253 2903 castris
2292 2835 2540 2902 milita-

337 2940 528 3022 bant,
558 2947 837 3026 paratos
865 2957 1113 3028 pugnas
1144 2961 1293 3008 esse
1339 2941 1693 3009 Romanos
1732 2941 2150 3023 retulissent3
2193 2940 2409 3005 locum
2440 2940 2540 3005 in-

338 3041 536 3109 sidiis
568 3043 1126 3129 circumspectare
1152 3045 1415 3114 Poenus
1443 3046 1676 3131 coepit.

422 3146 537 3211 54.
582 3144 747 3212 Erat
763 3147 834 3211 in
862 3147 1086 3214 medio
1113 3149 1321 3228 rivus,
1350 3151 1654 3237 praealtis
1692 3149 2026 3234 utrimque
2058 3149 2330 3215 clausus
2351 3147 2543 3233 ripis,

339 3256 414 3314 et
442 3248 627 3315 circa
654 3248 918 3316 obsitus
961 3251 1382 3336 palustribus
1406 3251 1755 3331 herbis‘et,
1783 3253 2031 3337 quibus
2058 3252 2317 3317 inculta
2345 3249 2549 3315 ferme

341 3351 733 3431 vestiuntur,
749 3353 1060 3438 virgultis
1090 3356 1571 3441 vepribusque.
1660 3353 1880 3435 Quem
1896 3356 2011 3422 ubi
2032 3354 2247 3440 equiti
2275 3372 2547 3438 quoque

344 3452 637 3539 tegendo
659 3452 690 3496 ⁶
732 3457 902 3521 satis
922 3457 1335 3524 latebrosum
1366 3458 1590 3524 locum
1620 3458 2113 3523 circumvectus
2141 3459 2293 3542 ipse
2323 3455 2542 3520 oculis

410 3661 434 3686 ³
468 3653 590 3703 Gan
626 3659 837 3718 speraret
860 3654 1109 3708 Hannibal
1195 3658 1354 3709 alim
1382 3658 1553 3710 autina
1570 3662 1841 3710 secutus-m
1869 3661 2035 3720 sponte
2056 3655 2344 3720 Sempronii,
2365 3661 2411 3706 ee
2431 3654 2552 3720 ipre,

352 3719 685 3780 etiamdsorte
708 3718 990 3771 Romaniab
1011 3738 1065 3774 eo
1200 3723 1212 3737 ⁸
1295 3725 1394 3782 ent,
1417 3725 1560 3775 vellet
1581 3730 1740 3774 tam
1760 3724 1880 3773 illud
1901 3722 2208 3772 comitere.

420 3983 448 4030 1
483 3978 627 4031 oum
663 3981 936 4046 legebatur
970 3983 1290 4037 militm—2
1324 3986 1412 4037 Al.
1443 4002 1502 4037 ιι·
1537 3985 1633 4037 teri
1659 3991 1702 4036 t.
1704 3987 1800 4033 -3
1835 3982 1978 4034 otim
2016 3980 2287 4046 legebatur
2324 3984 2406 4032 red
2450 3998 2557 4033 eum

361 4044 847 4161 miza-genium,
878 4056 934 4099 et
965 4065 1087 4101 mox
1126 4052 1436 4116 recognitum.
1438 4057 1537 4104 —4
1568 4050 1657 4102 Al.
1695 4049 1996 4114 occidensque
2027 4053 2074 4098 et
2111 4049 2340 4098 intentur.
2341 4053 2436 4097 -5
2474 4048 2558 4098 Al.

421 4176 500 4224 6‘
521 4175 611 4226 Sic
642 4189 711 4226 ex
743 4173 846 4225 fide
877 4179 1239 4230 nonnullorum
1268 4181 1399 4235 Mas.
1420 4181 1581 4233 edidi.
1651 4178 1720 4232 At
1744 4178 1796 4229 in
1821 4178 1973 4243 louge
2001 4176 2289 4242 plurimisn
2274 4175 2334 4224 iis
2312 4190 2438 4240 sque
2462 4191 2556 4240 op·

364 4239 516 4306 timis,
538 4246 686 4293 extat
707 4241 884 4307 equites
903 4257 1080 4310 quoquc
1099 4248 1318 4313 tegendo,
1331 4261 1398 4300 ex
1415 4262 1517 4315 quo
1537 4246 1746 4313 vulgata
1766 4244 1900 4296 Eud.
1923 4244 2082 4296 lectio
2102 4244 2164 4293 ad
2183 4241 2363 4307 equite·
2382 4255 2561 4307 quoqne
