3025 4892
1083 289 1227 338 mn.
1273 287 1505 338 xxrv.
1551 289 1716 341 ou.
1757 275 1868 342 43.
2385 277 2561 346 2063

373 480 380 489 -
452 432 562 500 43.
606 432 788 500 Hae‘c
816 433 890 500 in
919 434 1279 520 Hispania,
1312 435 1403 516 Q.
1430 435 1672 516 Fabio,
1705 436 1805 503 M.
1829 435 2118 505 Claudio
2143 441 2554 523 consulibus,

366 544 578 618 gesta.
666 536 910 605 Romae
958 558 1112 603 cum
1162 540 1407 605 tribuni
1458 541 1682 624 plebis
1734 542 1894 606 novi
1946 542 2408 626 magistratum
2457 546 2557 610 in·

365 639 602 716 issent,
634 641 976 725 extemplo
1018 642 1429 720 censoribus,
1477 642 1562 706 P.
1605 643 1808 709 Furio
1852 651 1924 709 et
1970 644 2071 709 Μ.
2105 645 2340 726 Atilio,
2389 668 2433 713 a
2474 642 2555 713 L.

367 741 648 808 Metello
674 744 939 809 tribuno
978 744 1197 829 plebis
1227 744 1371 810 dies
1400 746 1590 812 dicta
1620 747 1707 811 ad
1739 748 2061 833 populum
2091 755 2220 813 est.
2308 748 2553 829 Quaes·

364 850 576 909 torem
620 865 775 912 eum
830 847 1133 929 proximo
1179 865 1376 926 anno,
1426 848 1692 914 ademto
1734 870 1931 935 equo,
1982 851 2156 916 tribu
2210 860 2555 919 moverant

363 958 563 1033 atque
594 948 902 1014 aerarium
946 947 1255 1028 fecerant,
1300 958 1580 1034 propter
1616 952 2135 1037 conjurationem
2165 952 2549 1020 deserendae

364 1050 584 1116 Italiae
613 1050 697 1115 ad
720 1050 991 1117 Cannas
1019 1051 1327 1117 factam.⁶
1413 1052 1550 1118 Sed
1582 1074 1824 1119 novem
1853 1056 2262 1121 tribunorum
2293 1059 2550 1125 auxilio

359 1153 550 1219 vetiti
582 1173 858 1220 causam
887 1155 955 1219 in
989 1157 1371 1238 magistratu
1403 1155 1640 1234 dicere,
1676 1156 2072 1243 dimissique
2102 1159 2385 1224 fuerant.
2436 1160 2547 1226 Ne

355 1256 634 1323 lustrum
688 1256 1105 1341 perficerent,
1156 1276 1333 1323 mors
1380 1258 1724 1343 probibuit
1755 1258 1835 1323 P.
1868 1260 2073 1325 Furii·
2166 1259 2263 1323 M.
2294 1259 2547 1327 Atilius

358 1360 749 1440 magistratu
781 1380 856 1424 se
888 1359 1249 1425 abdicavit.
1340 1359 1738 1426 Consularia
1783 1363 2058 1427 comitia
2098 1364 2326 1428 habita
2368 1385 2412 1429 a
2455 1364 2545 1445 Q.

357 1459 574 1526 Fabio
605 1462 917 1527 Maximo
945 1452 1242 1528 consule.
1351 1462 1575 1528 Creati
1605 1463 1924 1528 consules
1968 1465 2168 1528 ambo
2190 1467 2543 1546 absentes,

354 1562 445 1642 Q.
505 1564 757 1630 Fabius
803 1565 1167 1643 Maximus,
1220 1563 1520 1629 consulis
1570 1563 1778 1644 filius,
1830 1571 1898 1629 et
1949 1566 2055 1630 Ti.
2109 1567 2544 1652 Sempronius

350 1664 696 1732 Gracchus
728 1669 985 1747 iterum.
1073 1668 1405 1734 Praetores
1435 1667 1606 1732 fiunt
1637 1666 1738 1730 M.
1767 1666 2047 1749 Atilius,
2100 1676 2194 1747 et,
2244 1672 2358 1753 qui
2400 1680 2543 1737 tum

352 1769 584 1834 aediles
613 1771 876 1836 curules
906 1778 1111 1847 erant,
1147 1770 1225 1834 P.
1257 1771 1694 1856 Sempronius
1725 1770 2106 1837 Tuditanus
2134 1778 2201 1836 et
2230 1771 2352 1836 Gn.
2396 1774 2541 1840 Ful·

2606 1786 2639 1817 Ο

349 1871 499 1935 vius
530 1870 1009 1937 Centumalus⁷
1053 1883 1126 1937 et
1172 1872 1270 1937 Μ.
1307 1872 1623 1938 AEmilius
1653 1872 1971 1958 Lepidus.
2058 1872 2292 1938 Ludos
2322 1878 2543 1941 sceui·
2619 1906 2631 1917 ·

346 1990 466 2036 cos
496 1993 615 2056 per
644 1975 1068 2058 quatriduum
1121 1994 1204 2039 eo
1253 1994 1430 2040 anno
1481 1975 1765 2059 primum
1814 1975 2042 2039 factos
2075 1976 2164 2039 ab
2193 1977 2539 2054 curulibus

345 2075 681 2155 aedilibus,
714 2080 1047 2145 memoriae
1091 2079 1409 2162 proditur.
1502 2078 1752 2145 AEdilis
1791 2079 2168 2144 Tuditanus
2213 2079 2321 2144 hic
2370 2091 2541 2158 erat,

339 2179 459 2261 qui
499 2180 586 2243 ad
617 2179 916 2258 Cannas,
947 2200 1199 2265 pavore
1231 2181 1385 2245 aliis
1414 2182 1485 2245 in
1515 2184 1695 2246 tanta
1725 2180 1919 2245 clade
1947 2182 2389 2268 torpentibus,
2420 2202 2540 2266 per

344 2280 605 2344 medios
633 2281 857 2348 hostes
879 2283 1143 2349 evasit.⁸
1233 2283 1539 2348 Comiliis
1565 2281 1900 2367 perfectis,
1919 2291 2188 2349 auctore
2211 2284 2301 2365 Q.
2329 2286 2538 2350 Fabio

342 2383 640 2462 consule,
691 2385 1014 2468 designati
1061 2387 1367 2451 consules
1401 2385 1692 2453 Romam
1735 2386 2040 2450 arcessiti
2081 2388 2535 2470 magistratum

337 2484 706 2552 inieruntz*
746 2495 1181 2573 senatumque
1221 2488 1303 2553 de
1349 2489 1526 2554 bello
1574 2507 1655 2552 ac
1698 2488 2065 2572 provinciis
2117 2490 2260 2553 suis
2300 2499 2536 2572 praeto·

339 2605 643 2672 rumque,
678 2597 746 2655 et
783 2589 869 2655 de
901 2591 1340 2669 exercitibus,
1377 2590 1627 2675 quibus
1668 2592 1916 2676 quique
1956 2598 2339 2675 praeessent,
2371 2610 2534 2656 con-

339 2690 712 2758 suluerunt.

1247 2807 1612 2830 &domum

397 2959 431 3004 6
459 2954 476 2983 ⁴
501 2954 628 3004 Put.
662 2955 1021 3005 dmredduetus
1038 2954 1191 3004 italio
1211 2959 1266 3002 ut
1284 2969 1476 3004 mnus.
1544 2953 1662 3002 Pet.
1695 2955 1876 3003 deserte
1895 2959 2030 3003 actus
2052 2954 2213 3003 Italia
2232 2955 2297 3003 ad
2323 2954 2531 3002 Cannas.

330 3019 478 3068 Voss.
514 3020 692 3081 deserte
712 3023 845 3068 actus
867 3019 1044 3069 Italia.
1114 3018 1322 3082 Aliquid
1349 3021 1496 3069 latet.
1553 3019 1714 3067 Forte
1748 3017 2096 3079 scribendum,
2117 3021 2384 3069 deserenda
2406 3025 2533 3066 melu

329 3083 490 3133 ualn‘ae
514 3083 712 3133 Canusii
732 3084 920 3145 saetam
937 3098 957 3145 ,⁴
992 3092 1080 3134 aut
1115 3086 1382 3134 deserenda·
1404 3089 1547 3133 terro
1569 3083 1753 3133 Italiae.
1818 3084 1953 3133 Vide
1973 3098 2125 3148 supra
2161 3085 2249 3134 lib.
2273 3096 2416 3133 xxu.
2449 3088 2532 3132 52.

329 3155 385 3197 et
406 3148 508 3200 583
540 3150 595 3197 J.
621 3149 685 3198 F.
724 3150 1029 3200 Gnarum—7
1066 3148 1149 3198 ΑΙ.
1188 3150 1598 3199 Centimalum—8
1634 3148 1740 3198 Pro
1777 3149 1927 3199 evasit
1965 3149 2099 3200 Edd.
2138 3156 2261 3200 ante
2300 3149 2531 3200 Gronov.

329 3214 525 3265 babent
544 3215 719 3278 erupit.

1325 3362 1372 3411 N
1383 3359 1541 3411 001·AE

320 3493 568 3556 draginta
590 3500 827 3543 numerat
851 3492 995 3542 Ptol.
1061 3493 1253 3542 Verum
1286 3492 1383 3541 boc
1468 3489 1698 3541 Olcades
1714 3505 1949 3554 magnam
1978 3496 2181 3553 partem
2207 3489 2303 3540 boc
2328 3496 2530 3554 tempo·

322 3569 448 3619 belli
471 3568 657 3620 Punici
694 3578 930 3636 ternpore
970 3570 1217 3620 terminos
1248 3569 1385 3619 inter
1466 3582 1525 3618 re
1563 3570 1846 3617 tenebunt:
1883 3567 1977 3616 nisi
2015 3565 2143 3615 velis
2174 3565 2258 3615 bic
2286 3579 2380 3628 pro
2401 3567 2530 3614 Tur·

319 3648 645 3707 angustiores
683 3647 887 3709 inclusi,
917 3647 1155 3710 exiguam
1181 3654 1381 3696 tantum
1464 3643 1684 3699 detsnis.
1736 3656 1953 3706 quorum
2011 3656 2192 3695 nomeu
2250 3641 2371 3691 alibi
2417 3641 2529 3707 fere

317 3722 534 3774 Baetice
559 3733 757 3788 partem
775 3724 1001 3775 tenuisse
1025 3723 1271 3789 videntur
1286 3740 1303 3775 ι
1325 3732 1383 3775 et
1465 3720 1785 3785 incognitum
1812 3718 1971 3780 Livio,
1995 3718 2095 3781 legi
2119 3718 2379 3779 Edam,
2406 3734 2531 3782 quo·

314 3799 457 3850 forte
481 3816 592 3850 eam
618 3801 707 3851 ubi
744 3809 861 3867 post
881 3800 1222 3852 Turdulorum
1264 3815 1383 3865 prm
1464 3814 1577 3849 rum
1616 3799 1756 3848 intra
1791 3796 2232 3860 §nereaguntnm
2301 3795 2529 3845 Olcades

314 3889 500 3926 vernn·
530 3886 700 3929 ortum
739 3878 805 3927 nd
836 3878 1186 3928 Oretanornm
1209 3880 1381 3929 Besti-
1464 3885 1639 3927 tmen
1660 3889 1777 3925 cum
1816 3874 1943 3924 urbe
1966 3873 2214 3938 Car-theja
2238 3872 2302 3923 nd
2342 3873 2527 3922 levam

315 3958 660 4018 tonorumque
680 3954 933 4004 confinis:
973 3955 1267 4006 nenimium
1293 3956 1382 4005 ab·
1459 3954 1591 4019 Tagi
1630 3960 1830 4016 ponunt
1872 3950 2038 4000 Samo
2069 3957 2127 3999 et
2160 3950 2409 4013 Brietius,
2442 3948 2529 4017 qui

314 4028 512 4082 fuerint
555 4046 588 4080 a
621 4033 878 4094 Sagunto,
907 4032 994 4080 cui
1027 4030 1218 4081 bellum
1258 4048 1378 4083 con·
1461 4029 1708 4095 oppidum
1736 4026 1906 4092 Oeafia
1933 4027 2332 4093 interpretatur.

314 4102 471 4154 flasse
512 4113 636 4157 ante
689 4105 1083 4168 quadriennium
1127 4106 1384 4158 dicuntur.
1530 4109 1558 4137 ·
1596 4106 1661 4157 Α.
1685 4107 1750 4157 U.
1774 4107 1834 4157 C.
1858 4109 1972 4154 54⁰.

315 4182 540 4247 Reliqua
583 4190 641 4232 ut
684 4197 750 4231 ex
788 4182 1138 4246 superioribus
1173 4194 1383 4235 constat
