3025 4892
1541 176 1566 211 ὁ

850 370 1056 418 maai
1111 370 1294 419 xm.
1339 370 1992 423 surrnsmau‘ruu.
2369 361 2544 425 1465

298 516 520 577 bricius
546 513 774 586 consul,
822 513 1109 596 profecto,
1144 525 1210 576 ut
1251 517 1596 597 conjectura
1636 527 1746 589 est,
1792 518 1851 578 in
1898 517 2212 580 Etruscum

303 613 534 673 bellum
559 611 811 691 collega,
855 612 1015 693 quod
1042 612 1305 694 Epirotis
1329 614 1693 675 cessantibus
1721 635 1869 677 unus
1894 614 2215 675 consularis

303 711 602 772 exercitus
615 707 876 769 sufficere
892 708 1206 781 videretur,
1228 710 1518 783 Lucanos,
1540 712 1825 784 Bruttios,
1843 713 2211 786 Tarentinos,
2237 720 2376 773 Eutr.
2397 722 2473 775 1.ι

308 808 724 888 Samnitesque
748 807 997 867 cecidit.
1025 808 1295 869 civitates
1323 807 1571 890 aliquot,
1600 810 1659 870 in
1685 810 1896 891 quibus
1921 818 1984 871 et
2010 806 2212 871 Hera-
2238 786 2410 913 Bfflisso
2405 806 2494 855 ¹²¹⁰

305 906 526 975 cleam,
582 904 853 965 astrinxit
892 904 1240 965 foederibus:
1300 905 1492 986 deque
1534 906 1624 967 his
1673 907 1906 989 populis
1945 909 2215 969 omnibus
2239 922 2323 970 22.
2428 872 2476 907 c

314 1014 456 1064 ante
483 1002 640 1062 diem
669 1001 817 1062 Idus
845 1001 1205 1063 Decembres
1230 1003 1630 1085 triumphavit.
2238 983 2405 1114 125ng
2444 983 2540 1034 ε’·

396 1106 498 1160 52.
557 1099 832 1160 Comitiis
880 1099 1092 1160 deinde
1136 1100 1388 1181 peractis
1428 1100 1697 1161 consules
1743 1103 1803 1162 in
1857 1123 2073 1164 annum
2122 1124 2214 1164 se-

311 1206 594 1279 quentem
618 1196 907 1276 designati
931 1206 1068 1257 sunt
1092 1196 1174 1258 P.
1205 1197 1516 1258 Cornelius
1562 1197 1821 1259 Rufinus
1863 1200 2093 1272 iterum,
2137 1200 2213 1261 C.

310 1294 530 1355 Junius
581 1293 803 1354 Brutus
846 1294 1073 1354 iterum.
1159 1294 1315 1355 Cum
1356 1294 1587 1356 Rufino
1629 1295 1856 1356 nobiles
1892 1296 2071 1357 etiam
2114 1296 2216 1356 alii
2260 1315 2545 1373 qunfium,

315 1394 646 1475 petierant;
690 1391 795 1452 sed
835 1392 931 1453 hic
975 1401 1042 1453 ut
1091 1391 1279 1463 fieret,
1323 1392 1523 1453 effecit
1566 1391 1823 1453 Fabricii
1863 1393 2071 1455 favor:
2115 1394 2217 1475 qui
2243 1395 2344 1429 ¹¹¹·
2366 1385 2414 1433 ¹·

317 1502 588 1573 tempora
611 1489 947 1572 reipublicae
974 1490 1198 1550 habens
1223 1490 1279 1550 in
1302 1490 1570 1563 consilio,
1598 1491 1804 1572 patriae
1829 1489 2077 1552 salutem
2102 1492 2217 1573 pri-,

319 1590 479 1650 vatis
532 1587 847 1649 inimicitiis
896 1587 1313 1669 anteponebat.
1397 1587 1567 1649 Nam
1620 1608 1698 1648 ex
1752 1587 2220 1650 dissimilitudine

323 1706 551 1748 morum
582 1684 848 1746 simultas
888 1685 1037 1744 inter
1070 1686 1178 1745 hos
1216 1684 1430 1758 fuerat,
1462 1705 1599 1748 cum
1636 1685 1963 1759 Fabricius,
1992 1687 2223 1767 egregie
2281 1713 2379 1762 mo
2400 1728 2480 1779 ⁸9·

328 1785 532 1846 firmus
556 1782 862 1844 adversum
881 1783 1213 1864 pecuniam,
1244 1803 1361 1843 una
1375 1783 1698 1844 communis
1712 1783 1851 1875 boni
1878 1804 2020 1845 cura
2043 1784 2223 1845 duce·
2249 1779 2415 1830 Vale..

327 1894 524 1953 remi-3
586 1880 867 1953 Rufinus,
912 1901 1092 1963 opum
1136 1879 1423 1962 cupidior,
1468 1879 1655 1941 multa
1707 1880 1920 1962 privati
1970 1892 2228 1962 quaestus

332 1980 530 2042 studio
555 1978 883 2040 consuleret
907 1988 1242 2058 ageretque.
1301 1977 1729 2038 Verumtamen
1757 1999 1891 2038 cum
1916 1987 2115 2039 cetera
2139 1979 2228 2040 in-

331 2079 592 2140 dustrius
616 2088 680 2138 et
693 2077 879 2137 bonus
902 2078 1217 2158 imperator
1231 2082 1404 2147 esset,
1424 2076 1905 2157 competitoribus
1922 2075 2229 2157 haudqua-

330 2197 515 2258 quam
543 2176 671 2257 pari
698 2194 986 2235 armorum
1015 2173 1224 2254 peritia
1247 2183 1309 2233 et
1335 2193 1440 2232 usu
1468 2171 1728 2252 praeditis
1753 2172 2060 2235 Fabricius
2081 2192 2230 2255 prae-

335 2272 643 2335 ferendum
669 2292 793 2332 esse
807 2270 1203 2352 judicaverat.
1273 2269 1515 2339 Ferunt,
1544 2290 1678 2330 cum
1703 2270 1759 2330 ei
1786 2271 2003 2350 gratias
2020 2269 2233 2341 deinde
2277 2280 2384 2331 Cic.
2397 2282 2460 2333 de
2473 2283 2559 2339 Or.

338 2370 603 2432 Rufinus
619 2378 840 2449 ageret,
871 2368 1068 2449 ‘quod
1092 2388 1154 2428 se
1179 2367 1387 2427 homo
1370 2367 1639 2427 inimicus
1657 2367 1955 2427 consulem
1981 2362 2276 2442 secisset,¹
2215 2412 2325 2461 ,A
2283 2351 2541 2466 “astu
2510 2431 2562 2465 v.

337 2468 499 2530 bello
526 2467 844 2576 prasertim
869 2485 1085 2546 magno
1126 2474 1190 2525 et
1229 2464 1427 2545 gravi3
1411 2465 1451 2501 ·’
1493 2463 1940 2545 respondisses
1969 2485 2086 2525 non
2112 2486 2236 2525 oese
2257 2481 2306 2529 8.

340 2565 696 2636 mirandum,
739 2565 789 2625 si
821 2562 1148 2645 compilari,
1190 2583 1369 2643 quam
1394 2562 1590 2622 venire
1617 2561 1928 2624 maluerit?
2011 2560 2241 2641 Magna

342 2667 499 2729 euim
542 2662 831 2723 bellorum
877 2659 1062 2721 moles
1103 2661 1160 2719 in
1206 2659 1389 2720 Italia
1427 2668 1762 2739 supererat.
1804 2667 1867 2718 et
1895 2657 2138 2740 Pyrrho
2180 2656 2241 2718 in

348 2763 551 2827 Sicilia
579 2764 736 2838 (erat
758 2759 912 2819 enim
928 2759 1062 2836 jam
1086 2759 1498 2835 transgressus)
1536 2755 1732 2815 omnia
1773 2755 1884 2814 sibi
1926 2775 2112 2836 prona
2152 2775 2240 2814 re-

350 2860 630 2944 periente,
671 2856 834 2918 haud
870 2856 978 2916 abs
1018 2875 1079 2915 re
1122 2854 1509 2925 memebatur,
1554 2873 1627 2912 ne
1673 2850 1853 2933 paulo
1883 2861 2016 2934 post
2060 2853 2245 2912 auctis

354 2958 682 3020 accessione
737 2953 951 3014 nobilis
989 2950 1193 3012 insulae
1235 2952 1455 3013 viribus
1506 2950 1584 3012 ad
1635 2950 1856 3011 bellum
1902 2950 2245 3012 Romanum

357 3057 583 3139 gravior
608 3052 789 3114 hostis
814 3059 1212 3113 reverteretur.

522 4371 695 4438 Delph.
713 4376 764 4425 et
791 4370 1069 4425 Vaer00ks.
1609 4364 1795 4422 Livia.
2379 4368 2409 4413 ⁵
2435 4365 2483 4415 E
