3025 4892
571 373 742 443 1884
1494 391 1563 437 ·r.
1613 389 1808 438 mvn

572 539 651 588 14.
691 534 904 586 Romani
943 532 1161 599 impigre
1194 532 1388 583 bellum
1413 540 1678 598 reparant,
1711 540 1769 582 et
1804 531 1883 581 M.
1916 529 2103 583 Junins
2136 528 2278 581 Pera
2317 528 2544 580 dictator
2581 542 2740 580 serves

637 632 837 683 quoque
860 625 915 666 et
935 615 1125 680 capitis
1150 629 1264 663 reos
1297 622 1481 663 armat.
1551 612 1814 663 Hannibal
1839 612 2023 661 iterum
2049 612 2244 661 animos
2278 611 2745 674 Neapolitanorum,

638 698 822 762 p'artim
846 713 961 762 spe,
989 696 1176 761 partim
1213 702 1373 761 metu,
1396 695 1738 760 nequicquam
1763 701 1954 755 tentat,
1983 702 2039 744 et
2078 693 2129 742 iu
2154 708 2332 755 agrum
2376 693 2625 742 Nolanum
2657 700 2745 740 tra·

637 780 782 828 «lucit
803 778 1108 828 exercitum.
1180 777 1329 827 Nolm
1367 776 1512 840 plebs
1545 773 1690 825 favet
1724 774 1934 825 Poenis:
1971 782 2027 823 at
2068 786 2281 823 senatus
2316 773 2640 823 simulatione
2668 785 2746 820 ex·

637 860 796 909 trabit
819 857 1164 908 defectionem
1183 858 1234 906 in
1253 857 1534 907 adventum
1557 855 1760 906 Claudii
1785 854 2023 906 Marcelli
2048 855 2306 920 praitoria,
2329 856 2416 918 qni
2437 854 2617 916 legatis
2631 852 2748 903 elan

637 956 700 991 ac
742 954 961 1004 propere
999 939 1169 994 missis
1202 938 1432 988 Casilino
1471 939 1770 988 arcessitur.
1833 942 1916 987 16.
1949 937 2235 1000 Hannibal,
2274 936 2412 987 Nola
2443 934 2749 999 Neapolique

637 1022 855 1085 omissis,
879 1020 1014 1085 petit
1042 1019 1335 1077 Nuceriam,
1351 1034 1569 1084 eamque
1591 1018 1729 1069 fame
1748 1029 1956 1083 captam
1978 1019 2162 1082 diripit
2179 1028 2234 1068 et
2250 1016 2499 1067 incendit.
2543 1014 2749 1065 Marcel·

637 1102 720 1152 lus
747 1102 895 1151 Nolae
922 1102 1072 1151 timet
1096 1101 1319 1166 plebem,
1341 1109 1397 1151 et
1422 1109 1546 1151 ante
1575 1116 1750 1151 omnes
1780 1103 1833 1152 t..
1857 1101 2127 1164 Bautium,
2149 1097 2485 1149 fortissimum
2522 1096 2752 1146 nobilissi-

636 1198 880 1249 mumque
904 1183 1149 1248 equitem,
1172 1183 1257 1247 qni
1283 1182 1630 1245 proditionem
1665 1183 1849 1248 patrita
1887 1184 2124 1234 molitur:
2158 1180 2307 1246 hujus
2345 1190 2518 1230 tamen
2552 1179 2753 1227 animum

638 1265 886 1316 comitate
925 1279 987 1314 ac
1022 1264 1170 1313 donis
1209 1278 1416 1327 prorsus
1450 1272 1635 1314 mutat.
1705 1268 1786 1315 16.
1825 1265 2012 1317 Nolam
2048 1272 2217 1315 castra
2258 1270 2433 1313 movet
2465 1260 2753 1320 Poenus‚et‚

637 1348 795 1412 plebe
833 1347 900 1396 de
931 1346 1137 1410 integro
1171 1344 1236 1395 ad
1276 1342 1622 1396 defectionem
1654 1354 1947 1409 spectante,
1979 1346 2284 1407 Marcellus,
2310 1342 2589 1407 eruptione
2618 1337 2755 1399 facta,

640 1429 821 1479 hostes
848 1427 1008 1478 vincit
1029 1424 1302 1492 fugatque.
1368 1431 1449 1477 17.
1488 1427 1751 1477 Hannibal
1776 1426 2006 1479 Acerras
2038 1428 2199 1492 capit,
2230 1435 2284 1476 et
2318 1425 2609 1475 exercitum
2629 1421 2757 1472 ducit

641 1509 946 1569 Casilinum,
965 1506 1105 1573 quod
1128 1508 1193 1557 D.
1212 1507 1526 1557 Proenestini
1545 1516 1602 1557 et
1625 1509 1843 1557 totidem
1858 1507 1967 1557 fere
1990 1507 2228 1557 Perusini
2252 1514 2485 1557 tuentur.
2520 1509 2599 1555 18.
2621 1503 2755 1552 Frua-

639 1598 721 1640 tra
738 1589 983 1655 oppidum
1009 1603 1207 1638 summa
1230 1589 1280 1637 vi
1297 1602 1597 1653 oppugnare
1616 1595 1787 1652 parat,
1809 1598 1865 1638 et
1888 1589 2022 1652 ipse,
2039 1587 2243 1637 modico
2266 1587 2317 1636 iu
2335 1586 2522 1635 castris
2538 1582 2758 1650 presidio

641 1671 852 1733 relicto,
873 1670 923 1719 ln
945 1669 1176 1734 hyberna
1198 1670 1432 1733 Capuam
1454 1669 1727 1721 concedit:
1762 1670 1851 1719 ubi
1871 1669 2226 1733 voluptatibus
2246 1667 2538 1718 immodicis
2559 1678 2756 1730 cot-pon

640 1752 900 1814 animique
930 1750 1190 1800 exercitus
1221 1750 1336 1815 ejus
1369 1758 1701 1800 enervantur.
1771 1754 1851 1801 19.
1884 1748 2107 1801 Obsidio
2138 1758 2308 1799 tamen
2340 1750 2642 1799 continuata
2673 1745 2760 1796 Ca·

641 1833 843 1883 silinum
864 1830 1079 1881 adducit
1102 1830 1167 1880 ad
1192 1831 1427 1881 ultimum
1460 1830 1673 1894 inopie,
1693 1846 1808 1895 qnae
1842 1845 1873 1880 a
1912 1829 2158 1880 Romania
2183 1829 2394 1894 quidem
2416 1829 2672 1891 paululum
2701 1827 2760 1875 le·

648 1921 818 1975 vatur,
853 1913 1003 1962 doliis
1031 1911 1280 1970 frumenti
1304 1912 1470 1977 plenis
1500 1912 1820 1977 nucibusque
1846 1912 2103 1961 Vulturno
2128 1913 2264 1960 amni
2293 1910 2358 1959 ad
2387 1909 2571 1959 urbem
2594 1908 2762 1970 missis,

644 1994 736 2043 sed
763 1994 971 2045 tandem
1009 1994 1249 2044 obsessos
1288 1993 1354 2043 ad
1394 2007 1507 2044 eam
1538 1992 1771 2043 hostibus
1801 1992 2106 2042 tradendam
2144 1990 2429 2055 compellit,
2466 1997 2625 2054 pacta
2657 1997 2762 2040 ante

647 2075 963 2125 redemtione
988 2075 1270 2125 liberorum
1293 2075 1546 2137 capitum.
1610 2077 1695 2124 20.
1729 2074 1925 2124 Eodem
1967 2081 2201 2137 tempore
2225 2071 2473 2135 Petelini,
2493 2072 2586 2137 qui
2608 2072 2690 2120 nai
2707 2083 2762 2120 ex

644 2158 867 2207 Bruttiis
902 2163 1199 2208 manserant
1221 2156 1275 2206 in
1308 2156 1537 2206 amicitia
1568 2156 1816 2220 Romana,
1850 2170 1882 2204 a
1914 2154 2434 2218 Carthaginiensibus
2458 2153 2761 2217 Bruttiisque

647 2239 839 2289 ceteris
879 2247 1267 2303 oppugnantur,
1299 2247 1374 2300 et,
1404 2236 1592 2301 tegatis
1627 2236 1824 2287 frustra
1857 2237 2067 2286 Romam
2088 2235 2152 2284 ad
2179 2234 2478 2299 presidium
2501 2234 2761 2299 petendu-

646 2320 836 2384 missis‚
859 2320 953 2369 soli
972 2318 1257 2369 fortissime
1280 2318 1549 2369 resistunt.

581 2405 664 2450 21.
703 2401 765 2451 ln
790 2400 968 2451 Sicilia
990 2399 1331 2463 Sardiniaque
1351 2400 1415 2450 T.
1439 2399 1698 2450 Otacilius
1719 2407 1775 2450 et
1809 2400 1875 2450 A.
1897 2398 2166 2452 Cornelius
2199 2397 2477 2448 Mammula
2496 2402 2764 2461 propreto-

648 2497 735 2531 res
757 2485 823 2530 ab
846 2480 1079 2530 Hierone
1102 2489 1157 2530 et
1173 2480 1326 2529 sociis
1351 2480 1652 2530 civitatibus
1669 2480 1999 2545 adjuvantur.
2068 2480 2241 2529 Roma·
2257 2488 2504 2529 creantur
2531 2474 2765 2528 triumviri

647 2562 906 2622 mensarii,
927 2569 982 2610 et
1008 2571 1117 2610 tres
1141 2558 1432 2624 pontifices.
1496 2565 1580 2611 22.
1618 2560 1822 2611 Ibidem
1855 2560 2175 2611 deliberatur
2199 2560 2265 2609 de
2292 2559 2560 2622 explendo
2580 2567 2764 2618 mata,

650 2644 863 2708 ejusque
890 2642 1099 2706 legendi
1124 2656 1283 2692 causa
1311 2643 1387 2691 M.
1421 2643 1615 2692 Fabius
1644 2644 1812 2693 Buteo
1848 2656 1914 2692 ex
1954 2643 2092 2693 SCto
2127 2642 2356 2692 dictator
2397 2643 2512 2691 sine
2538 2640 2764 2704 magistra

650 2725 881 2790 equitum
904 2725 953 2771 in
976 2738 1069 2772 sex
1086 2736 1290 2773 menses
1305 2722 1518 2772 dicitur.
1583 2727 1666 2773 22.
1701 2723 1756 2772 Is
1778 2735 2031 2773 czxxvn.
2052 2738 2166 2772 cum
2191 2723 2388 2786 ingenti
2408 2722 2767 2787 approbatione

648 2805 909 2854 bominum
935 2805 986 2855 in
1011 2805 1203 2855 Patres
1225 2804 1373 2868 legit,
1392 2813 1448 2854 et
1471 2804 1739 2868 extemplo
1760 2818 1817 2854 se
1843 2804 2050 2854 abdicat
2075 2805 2399 2868 magistratu.
2465 2808 2550 2854 24.
2583 2804 2659 2853 Μ.
2684 2801 2768 2854 Ja-

647 2888 763 2936 niua
792 2887 926 2936 Pera
954 2885 1204 2948 dictator,
1228 2885 1443 2935 Romam
1481 2887 1701 2946 accitus,
1736 2885 1947 2935 comitia
1974 2885 2153 2946 edicit,
2174 2885 2360 2949 quibua
2394 2885 2455 2935 L.
2489 2882 2770 2936 Postumius

650 2980 737 3017 nt.
772 2968 959 3016 absens
982 2975 1038 3016 et
1066 2966 1150 3015 Ti.
1184 2966 1517 3029 Sempronius
1543 2965 1831 3022 Gracchus.
1870 2966 2119 3029 magister
2140 2966 2372 3031 equitum
2407 2974 2464 3017 et
2497 2966 2665 3015 edilis
2695 2979 2767 3015 ca·

648 3048 797 3109 ruiis,
816 3048 1056 3097 consules
1077 3053 1338 3097 creantur.
1403 3047 1509 3097 Sed
1535 3062 1651 3096 mox
1676 3046 1945 3098 nuntiatur
1977 3046 2154 3098 clades
2190 3047 2446 3098 Postumii
2468 3056 2625 3112 atque
2639 3059 2770 3095 exer·

648 3127 781 3176 citus
801 3128 935 3192 ejus,
958 3128 1012 3177 in
1051 3127 1239 3178 Litana
1259 3128 1406 3193 sylva
1428 3143 1460 3178 a
1496 3128 1666 3179 Gallis
1689 3129 1999 3181 deletorum.
2063 3134 2146 3179 25.
2167 3130 2391 3180 Senatus
2413 3129 2675 3193 negotium
2693 3127 2774 3175 dat

650 3206 911 3270 aedilibus,
936 3219 991 3257 ut
1026 3208 1163 3258 Urbi
1195 3208 1459 3260 moestitim
1496 3210 1722 3273 publicat
1746 3211 1974 3275 speciem
1999 3208 2135 3260 demi
2150 3211 2396 3275 jubeant,
2428 3218 2504 3270 et,
2525 3209 2701 3259 Gallia
2718 3220 2774 3257 ee

650 3302 786 3337 anno
809 3289 1018 3354 omissa,
1051 3288 1118 3339 de
1160 3291 1311 3340 hoste
1345 3290 1537 3355 Poeno,
1575 3292 1989 3357 legionibusque,
2026 3306 2120 3356 per
2151 3307 2280 3358 quas
2319 3291 2371 3341 id
2396 3291 2588 3341 bellum
2611 3291 2777 3352 sitne·

652 3370 888 3427 rendum,
905 3370 1180 3422 consultat.
1249 3371 1519 3436 Reliquias
1543 3374 1805 3424 exercitus
1827 3373 2118 3424 Cannensis
2137 3374 2409 3424 traduci·in
2429 3373 2661 3423 Siciliam
2677 3370 2774 3436 pla·

648 3459 754 3504 cet.
777 3451 899 3501 inde
923 3464 1047 3501 vero
1069 3449 1197 3502 duas
1220 3453 1377 3502 acciri
1403 3454 1654 3517 legiones,
1676 3463 1731 3505 et
1753 3456 1973 3506 totidem
1999 3456 2220 3505 urbanas
2242 3455 2516 3505 conscribi.

584 3533 669 3582 26.
704 3531 768 3582 In
791 3532 1047 3597 Hispania
1065 3534 1358 3598 Scipiones,
1380 3534 1569 3584 enen·
1591 3544 1752 3600 terra,
1773 3536 1988 3586 Publius
2008 3537 2155 3600 mari,
2173 3550 2422 3600 prospere
2437 3549 2545 3586 rem
2560 3540 2772 3601 ger-at:

582 3613 589 3623 ‘
655 3621 710 3663 et
732 3612 992 3679 Carpesii,
1014 3613 1083 3664 ab
1107 3614 1439 3665 Hasdrubale
1463 3615 1714 3675 infestati,
1736 3618 1868 3668 duce
1891 3617 2067 3669 Galbo
2081 3618 2254 3667 hostes
2269 3619 2491 3667 animose
2511 3616 2770 3680 repeliunt.

650 3698 735 3745 27.
770 3694 1033 3745 Universa
1050 3694 1258 3762 quidem
1282 3698 1395 3747 itaec
1418 3712 1544 3761 gens
1570 3701 1619 3748 in
1644 3698 1964 3750 deditionem
1990 3699 2169 3761 venit3
2205 3700 2294 3748 sed
2333 3699 2547 3748 subinde
2570 3699 2639 3747 ab
2660 3695 2765 3745 cn·

657 3775 866 3839 thagine
890 3772 1127 3839 affertur,
1166 3783 1226 3826 nt
1253 3775 1557 3829 Hasdrubal
1579 3778 1631 3829 in
1667 3779 1872 3830 Italiam
1903 3781 2189 3829 exercitum
2213 3780 2402 3830 ducat:
2435 3793 2551 3844 qum
2579 3778 2768 3840 sulgon

656 3869 738 3903 res
763 3871 855 3919 per
878 3856 1184 3921 Hispaniam
1205 3860 1430 3908 omnium
1446 3857 1611 3908 ferme
1629 3859 1827 3909 animos
1846 3859 1911 3908 ad
1930 3860 2190 3909 Romanos
2204 3861 2410 3910 avertit.
2446 3863 2526 3909 28.
2557 3858 2764 3908 Hit-tte·

655 3935 969 3999 Cartbagine
1004 3951 1122 3987 cum
1157 3939 1396 3988 exercitu
1422 3939 1568 4003 justo
1599 3949 1859 4004 auctaque
1884 3940 2053 3991 classe
2088 3940 2154 3990 ad
2191 3939 2434 3990 tuendam
2476 3936 2763 4002 Hispania·

655 4015 900 4079 mittitur,
942 4029 997 4067 et
1035 4017 1352 4077 Hasdrubal,
1393 4021 1627 4085 pecuniis
1662 4022 1847 4086 raptim
1889 4023 2104 4086 exactis,
2145 4021 2211 4071 ad
2256 4021 2458 4071 Iberum
2494 4016 2766 4070 deseendit·

653 4097 926 4160 Scipiones
948 4098 994 4147 ei
1010 4099 1210 4162 junctis
1231 4101 1397 4165 copiis
1430 4102 1636 4152 obviam
1662 4110 1809 4161 eunt.
1839 4112 1895 4156 et
1935 4118 2056 4155 mox
2078 4102 2261 4154 eodem
2296 4102 2381 4152 die
2405 4102 2540 4151 velut
2562 4115 2627 4150 ex
2643 4111 2763 4149 ee·-

656 4177 825 4241 posito
845 4179 1101 4243 utrimque
1121 4180 1323 4244 signnm
1346 4196 1535 4248 pugna
1558 4185 1884 4250 proponitur.
1947 4188 2035 4238 29.
2068 4184 2297 4236 Vincunt
2321 4182 2552 4247 Romani,
2567 4190 2624 4233 et
2646 4179 2761 4231 flu·

654 4258 837 4310 drubal
860 4273 976 4311 cum
999 4261 1179 4324 paucis
1201 4258 1404 4326 effugit.
