3025 4892
2301 379 2474 449 1735

281 565 538 623 omnes,
565 546 746 612 velut
772 543 927 610 Diis
956 544 1338 609 auctoribus
1365 544 1437 609 in
1482 561 1673 628 spem
1713 559 1909 608 suam
1951 541 2238 628 quisque
2258 550 2313 581 ²0
2364 561 2476 608 ac-

284 651 554 734 ceptis,⁸
602 650 672 713 id
723 668 948 725 morae,
996 647 1176 731 quod
1241 647 1533 711 nondum
1583 652 1970 730 pugnarent,
2025 646 2108 709 ad
2159 645 2480 730 potienda

285 757 562 837 sperata
590 752 744 827 rati,
772 750 1076 835 praelium
1111 757 1248 814 uno
1282 750 1508 814 auimo
1537 757 1605 814 et
1633 767 1802 814 voce
1834 768 1963 812 una
1994 756 2306 831 poscunt.

371 857 480 919 46.
528 853 735 939 Apud
777 853 1123 917 Romanos
1169 851 1689 936 haudquaquam
1735 858 1926 916 tanta
1971 851 2289 915 alacritas
2318 855 2481 930 erat,

289 977 491 1041 super
519 966 740 1022 cetera
768 955 1148 1020 recentibus
1198 955 1404 1018 etiam
1448 954 1720 1018 territos
1760 953 2103 1037 prodigiis.
2194 952 2369 1018 Nam
2415 962 2485 1017 et

284 1060 493 1144 lupus
543 1062 902 1125 intraverat
956 1064 1232 1134 castra,‘²
1275 1056 1681 1140 laniatisque
1731 1056 1952 1120 obviis
1998 1057 2150 1140 ipse
2192 1057 2484 1121 intactus

288 1169 629 1241 evaserat3
673 1168 744 1226 et
772 1179 1060 1226 examen
1090 1179 1291 1242 apum
1317 1154 1345 1194 ‘¹
1375 1159 1446 1222 in
1474 1159 1709 1223 arbore
1751 1160 2069 1242 praetorio
2100 1159 2482 1223 imminente

288 1264 705 1329 consederat.
798 1263 1063 1343 Quibus
1101 1263 1530 1346 procuratis:⁸
1567 1261 1829 1345 Scipio,
1869 1282 2021 1327 cum
2049 1262 2357 1343 equitatu
2378 1260 2489 1342 ja-

288 1367 843 1450 culatoribusque
864 1365 1197 1450 expeditis
1221 1365 1561 1447 profectus
1580 1364 1664 1428 ad
1687 1372 1907 1429 castra
1927 1364 2248 1442 hostium,
2265 1382 2487 1446 exque

290 1465 675 1554 propinquo
697 1477 716 1507 ¹
750 1455 1011 1553 copias,
1043 1479 1314 1552 quantes
1345 1473 1414 1533 et
1449 1468 1646 1552 cujus
1675 1467 1937 1552 generis
1968 1474 2219 1545 essent,
2249 1484 2491 1548 specu·

289 1572 557 1649 landas,
605 1570 848 1635 obvius
879 1570 954 1636 fit
994 1571 1389 1648 Hannibali,
1419 1579 1488 1636 et
1528 1572 1663 1654 ipsi
1702 1590 1855 1636 cum
1881 1571 2220 1655 equitibus
2249 1569 2339 1634 ad
2369 1587 2493 1633 ex.-

290 1672 619 1756 ploranda
665 1674 844 1737 circa
878 1674 1032 1739 loca
1072 1693 1454 1757 progresso.
1545 1672 1793 1738 Neutri
1832 1676 2078 1739 alteros
2108 1673 2319 1756 primo
2350 1690 2487 1735 cer·

289 1778 564 1842 nebant.
654 1777 944 1843 Densior
968 1776 1206 1843 deinde
1235 1778 1497 1842 incessu
1528 1782 1628 1842 tot
1654 1778 1997 1843 hominum
2027 1794 2492 1861 equorumque

291 1880 519 1943 oriens
564 1880 790 1963 pulvis
831 1880 1091 1963 signum
1129 1880 1715 1963 propinquantium
1752 1878 2045 1944 bostium
2083 1877 2230 1942 suit.
2320 1877 2497 1941 Cou-

292 1981 471 2046 stitit
504 1989 850 2065 utrumque
881 2000 1137 2065 agmen,
1167 1986 1233 2046 et
1261 1981 1497 2065 praelio
1528 2001 1681 2046 sese
1709 1978 2212 2064 expediebant.²
2261 1980 2496 2063 Scipio

282 2081 712 2165 jaculatores
738 2090 806 2149 et
833 2083 1073 2149 Gallos
1104 2085 1375 2167 equites
1392 2086 1462 2149 in
1485 2085 1706 2150 fronte
1733 2084 1912 2149 locat
1934 2105 1953 2163 ;
1998 2082 2367 2156 Romanos,
2387 2101 2496 2147 so·-

293 2185 686 2269 ciorumque
724 2185 906 2270 quod
946 2187 1205 2252 roboris
1241 2188 1396 2265 fuit,
1428 2189 1495 2252 in
1527 2186 1872 2252 subsidiis.
1962 2183 2316 2250 Hannibal
2347 2184 2498 2250 free-

293 2294 498 2351 natos
542 2289 810 2373 equites
857 2290 922 2354 in
968 2290 1257 2356 medium
1300 2291 1574 2375 accipit,
1603 2309 1855 2354 cornua
1900 2287 2223 2354 Numidis
2262 2287 2499 2350 firmat.

295 2388 622 2455 Vixdum·
639 2392 927 2460 clamore
972 2392 1262 2470 sublato,
1296 2391 1705 2478 jaculatores
1735 2392 2045 2475 fugerunt
2074 2390 2245 2454 inter
2275 2388 2500 2451 subsi-

1003 399 1148 448 mn.
1196 398 1373 448 xxr.
1418 397 1583 447 ear.
1626 381 1735 448 46.

354 2562 378 2588 ²
416 2557 573 2611 Quasi
591 2557 909 2621 unusquisque
928 2559 1059 2608 Deo-r
1079 2559 1270 2609 haberet
1291 2572 1536 2625 ‘pensores
1548 2554 1887 2625 promisserunt
1907 2554 1968 2605 ab
1993 2552 2260 2612 Hannibale
2278 2551 2497 2617 premio·

293 2631 1182 2755 w’mssmgisswrsszffl
1200 2690 1413 2755 ‘spida-

295 2895 748 2947 immutatam—19
779 2897 901 2948 Vet.
936 2898 1025 2950 lib.
1064 2898 1204 2962 apud
1241 2898 1463 2949 eundem
1496 2898 1891 2964 promittite-20
1933 2904 1949 2928 ⁸
1974 2899 2319 2976 Vox-quinque
2357 2903 2530 2947 arcte-

289 2959 565 3074 {2333
579 2974 701 3075 :3an
724 2977 897 3076 οφκᾶε,
920 2965 1012 3079 velt
1025 2964 1278 3026 delenda;
1316 2965 1401 3015 vel
1437 2966 1539 3030 leg.
1561 2964 1746 3028 cuique,
1771 2972 1863 3014 aut
1882 2964 2011 3014 velat
2039 2964 2160 3013 Dal:
2182 2979 2363 3026 qaoque
2392 2978 2502 3012 auc-

608 3061 622 3077 .
672 3061 684 3074 .
709 3042 755 3075 a.
857 3043 987 3091 uper
1014 3064 1028 3079 .

367 3094 394 3137 l
433 3096 448 3116 ⁸
469 3090 553 3138 Ea:
568 3091 845 3154 propinquo.
902 3094 986 3143 Sic
1003 3094 1054 3141 in
1074 3092 1274 3143 duobus
1297 3094 1427 3143 Mas.
1451 3102 1616 3150 extat.
1638 3095 1692 3143 in
1718 3093 1929 3158 reliquis
1947 3091 2080 3150 fere,
2098 3098 2158 3143 ut
2176 3099 2228 3142 et
2246 3093 2297 3142 in
2315 3099 2506 3142 vetust-

302 3153 439 3202 Edd.
464 3162 545 3202 eat
578 3169 639 3203 ex
670 3171 759 3219 quo
788 3158 1072 3221 propinque.-
1108 3158 1244 3207 unde
1262 3159 1416 3207 Valla
1440 3158 1618 3208 effecit
1646 3174 1793 3222 exque
1823 3162 2100 3222 propinquo,
2125 3158 2261 3223 qnod
2286 3158 2505 3207 recemi-

301 3233 419 3268 ores
441 3218 578 3270 Edd.
600 3229 927 3284 receperunt.
987 3221 1050 3272 In
1069 3224 1328 3274 nonnullls
1349 3231 1525 3276 tamen
1543 3225 1674 3274 Mas.
1694 3233 1779 3274 est
1794 3239 1857 3273 ex
1871 3226 1969 3274 loco
1982 3222 2279 3288 propinquo?
2310 3222 2507 3272 Stroth.

1289 3353 1510 3406 1⁴01*AE

301 3447 416 3497 bins
439 3446 532 3498 lib.
556 3460 642 3497 nr.
671 3447 756 3497 ubi
790 3446 857 3497 de
887 3448 1082 3498 foedere
1106 3450 1363 3501 Romano·

303 3538 415 3572 rum
463 3537 584 3573 cum
618 3524 1147 3588 Carthaginiensibus,
1188 3528 1272 3591 qui
1320 3528 1364 3578 si

301 3600 396 3648 boc
439 3612 632 3663 genere
678 3600 773 3663 usi,
806 3601 1234 3665 quemadmodum
1269 3604 1367 3656 hoc

305 3675 416 3725 loco
454 3674 743 3736 Hannibal,
782 3691 812 3725 a
857 3678 1115 3737 Romanis,
1162 3680 1366 3746 opinor,

305 3759 425 3801 sunt
463 3754 706 3804 mutuati.
775 3753 846 3803 Hi
886 3763 1056 3804 tamen
1088 3770 1189 3805 non
1214 3771 1368 3822 agno,

305 3827 390 3876 aed
417 3843 553 3878 caesa
567 3829 859 3892 jungebant
883 3829 1084 3881 foedera
1110 3847 1287 3894 porca.

367 3913 388 3937 ⁶
421 3903 589 3966 Lupus
601 3902 867 3954 intraverat
883 3907 1063 3970 casem]
1085 3909 1211 3957 Mali
1230 3909 1368 3973 apud

309 3981 568 4030 Romanos
615 3982 794 4031 ominis
838 3982 1068 4033 habiturn
1110 3984 1287 4044 fnisse,
1323 3985 1367 4036 si

309 4060 457 4121 lupus
483 4059 596 4108 loca
620 4067 789 4122 septa,
814 4059 949 4110 intra
981 4077 1096 4127 quae
1137 4062 1368 4114 homines

311 4134 501 4182 versari
519 4131 677 4193 soliti,
695 4143 832 4185 esset
852 4137 1371 4202 ingressu⁸„etantea

311 4209 712 4270 observavimus,
734 4219 790 4259 et
823 4227 889 4262 ex
927 4211 1015 4264 lib.
1041 4226 1228 4264 xxvi!-
1252 4228 1368 4281 cap.

307 4287 390 4334 37.
411 4283 706 4336 confirmari
724 4296 919 4351 potest.

1507 3452 1534 3486 ἅ
1570 3454 1639 3503 Et
1667 3467 1863 3503 examen
1896 3451 2058 3516 apum]
2090 3448 2350 3513 Prodigiis
2383 3463 2508 3515 quo,

1446 3542 1550 3592 qne
1573 3528 2024 3588 annumerabatur,
2044 3527 2085 3577 si
2113 3542 2257 3590 apes,
2280 3541 2395 3590 quae
2422 3541 2510 3575 na-

1448 3614 1568 3654 tura
1600 3621 1693 3655 sua
1727 3604 1874 3666 ferae,
1899 3606 2055 3668 juxta
2077 3603 2228 3652 sedes
2249 3604 2511 3654 hominum

1447 3696 1667 3732 examen
1707 3683 2020 3745 posuissent.
2052 3680 2163 3728 sive
2188 3692 2337 3727 uvam
2359 3678 2511 3727 fecis..

1448 3765 1585 3812 sent,
1610 3765 1665 3806 ut
1700 3757 1838 3805 Plin.
1863 3764 2011 3805 notat
2044 3755 2132 3804 lib.
2168 3768 2204 3803 r.
2236 3769 2283 3804 c.
2313 3758 2389 3803 1⁷.
2409 3769 2511 3820 quo

1453 3835 1667 3897 respicit
1699 3833 1968 3884 ,luvenalis
2000 3831 2173 3881 Satira
2207 3844 2337 3881 xur.
2377 3835 2393 3860 ⁸
2413 3830 2509 3880 At-

1451 3924 1552 3973 que
1587 3921 1804 3958 examen
1837 3921 1989 3970 apum
2028 3907 2181 3972 longa
2215 3909 2512 3957 consederit

1451 4000 1550 4034 uva
1577 3985 1811 4036 Culmine
1830 3983 2062 4033 delubri-⁹
2120 3985 2185 4033 Et
2211 3999 2393 4034 revera
2409 4001 2512 4038 uon

1450 4062 1608 4112 semel
1636 4060 1889 4125 Pompeio
1912 4060 2103 4123 Magno
2121 4060 2320 4108 cladem
2339 4075 2403 4110 ea
2428 4075 2510 4109 res

1452 4137 1777 4202 portendisse
1801 4134 2002 4184 credita
2026 4143 2104 4183 est
2125 4150 2137 4182 :
2174 4136 2311 4199 quod
2339 4145 2511 4184 tamen

1450 4229 1552 4264 non
1590 4213 1748 4263 fuisse
1791 4219 2097 4275 perpetuum
2138 4210 2380 4260 observat
2418 4212 2511 4261 ibi·.

1450 4291 1570 4341 dem
1591 4289 1813 4353 Plinius,
1836 4288 2076 4352 exemplo
2100 4287 2272 4337 Drmi-
