3025 4892
746 366 814 416 τ.
864 363 1059 414 mvn
1112 364 1321 414 mam
1372 364 1535 414 xiv.
1580 364 2223 415 supensmsswruu.
2425 346 2594 412 1467

364 511 529 571 tibus
543 519 606 570 et
623 510 957 589 arrogantia
972 509 1381 581 ministrorum,
1409 529 1655 590 quorum
1681 510 1736 569 ei
1765 510 1911 571 vitia
1938 529 2051 570 non
2080 511 2268 569 minus

368 610 564 669 ubivis
588 628 767 689 quam
793 627 901 667 sua
928 617 1265 668 nocuerunt.
1351 607 1531 669 Adeo
1559 616 1691 689 post
1714 609 1962 690 primam
2003 608 2169 668 illam
2207 617 2270 668 et

366 706 727 788 praecipuam
766 725 989 777 curam,
1035 714 1100 764 ut
1141 706 1250 787 ipsi
1291 726 1468 787 quam
1519 707 1724 787 optimi
1767 707 1905 778 sint,
1958 704 2123 765 nulla
2161 714 2268 766 aut

362 804 618 883 dignior,
647 812 750 862 aut
774 803 1061 863 salubrior
1083 824 1207 863 esse
1237 804 1469 883 regibus
1495 803 1807 865 solicitudo
1835 813 2048 885 potest,
2087 823 2268 884 quam

366 912 435 961 ut
462 901 685 961 amicos
724 920 800 960 ex
842 901 1055 961 virmte
1096 900 1392 980 deligant·
1436 902 1676 982 quando
1717 902 1866 962 inter
1905 903 2163 983 privatos
2188 901 2267 962 ob

362 1018 534 1058 suam
561 999 808 1078 quisque
827 997 1067 1079 culpam
1093 1018 1305 1059 exosus
1323 1007 1433 1069 est,
1464 999 1845 1082 Principibus
1868 1000 2047 1060 etiam
2074 998 2270 1059 aliena

362 1106 617 1176 peccata
642 1097 1018 1175 imputantur.
1105 1095 1226 1156 Sed
1258 1098 1385 1157 haec
1412 1107 1619 1179 postea
1642 1107 1845 1159 secuta
1868 1106 2020 1158 sunt.

448 1200 509 1252 3.
549 1192 704 1252 Tum
731 1214 870 1252 vero
894 1192 1220 1253 calentibus
1261 1194 1454 1256 adhuc
1495 1195 1722 1267 studiis,
1767 1196 2016 1278 primum
2044 1215 2083 1253 a
2105 1192 2264 1253 Tau-
2290 1211 2440 1262 Diod.
2465 1212 2569 1265 201,

364 1290 843 1351 rominitanorum
871 1291 1128 1371 principe
1153 1290 1550 1372 Tyndarionc‚
1582 1295 1746 1372 (nam
1772 1314 1845 1353 ea
1870 1302 2035 1373 parte
2062 1291 2266 1351 insulae

360 1388 615 1468 primum
662 1386 1021 1468 appulerat,)
1066 1408 1204 1447 mox
1260 1409 1297 1448 a
1338 1389 1673 1450 Catanense
1723 1389 1942 1471 populo
1994 1389 2267 1449 maximis

362 1486 685 1545 honoribus
711 1496 986 1565 acceptus
1008 1485 1340 1566 multusque,
1367 1508 1502 1547 cum
1531 1487 1782 1569 pedestri
1802 1487 2066 1549 exercitu
2085 1486 2264 1567 Syra-

360 1602 533 1642 cusas
574 1603 772 1643 versus
812 1584 1109 1663 processit.
1212 1583 1480 1644 Classem
1527 1585 1685 1645 haud
1729 1585 1930 1667 procul
1974 1584 2265 1645 littoribus

359 1678 721 1740 circumduci
738 1680 935 1758 jussit,
965 1690 1230 1761 paratam
1264 1682 1758 1764 instructamque:
1801 1703 1909 1742 nec
1934 1683 2091 1741 enim
2117 1683 2268 1742 citra

362 1777 551 1860 praelii
587 1778 895 1838 discrimen
942 1778 1166 1839 aditum
1210 1779 1287 1838 ad
1324 1782 1750 1861 Syracusanam
1795 1781 1997 1840 urbem
2039 1779 2264 1839 daturae

364 1875 935 1955 Carthaginiensium
982 1895 1161 1936 naves
1203 1875 1575 1938 videbantur.
1677 1876 1799 1938 Sed
1849 1886 2145 1947 evenerat,
2199 1884 2266 1936 ut

362 1973 547 2053 paulo
587 1982 725 2032 ante
765 1974 878 2033 hoc
913 1982 1141 2054 tempus
1183 1974 1422 2053 triginta
1475 1995 1655 2035 naves
1700 1975 1952 2036 Punicae
1995 1974 2143 2034 alios
2184 1974 2265 2034 ob

364 2091 506 2130 usus
530 2090 571 2130 a
596 2069 780 2130 classe
808 2068 1205 2139 discederent3
1251 2091 1385 2152 quae
1417 2074 1561 2153 quia
1601 2072 1856 2132 nondum
1884 2080 2260 2143 reverterant,

361 2186 497 2227 cum
527 2166 769 2248 reliquis
809 2166 1000 2228 aleam
1032 2167 1174 2227 belli
1216 2176 1441 2228 tentare
1478 2170 1803 2230 Poenorum
1829 2170 2143 2250 imperator
2171 2189 2259 2228 re-

359 2265 629 2324 cusabat.
716 2263 907 2343 Igitur
949 2267 1179 2325 nemine
1214 2266 1557 2347 prohibente
1600 2267 1906 2346 ingressus,
1941 2265 2259 2326 Thoenione
2287 2285 2498 2351 Diony„

358 2373 419 2422 et
446 2362 763 2422 Sosistrato
786 2362 1170 2433 tradentibus,
1198 2365 1505 2444 pecuniam
1531 2364 1852 2445 publicam,
1883 2384 2061 2424 naves
2077 2373 2262 2423 tectas
2286 2383 2492 2433 Diodor.

357 2470 595 2519 centum
614 2460 842 2539 viginti,
866 2469 1097 2541 apertas
1110 2461 1339 2540 viginti,
1368 2461 1509 2533 tela,
1541 2461 1860 2532 machinae,
1887 2470 2259 2542 ceteramque

361 2556 504 2616 belli
555 2566 904 2637 apparatum
958 2559 1191 2639 accipit.
1296 2558 1443 2619 Hoc
1497 2560 1694 2638 agenti
1758 2558 2173 2640 superveniunt
2225 2578 2263 2618 a

364 2653 665 2715 Leontinis
690 2653 891 2733 legati,
921 2675 1167 2735 quorum
1193 2657 1462 2737 princeps
1490 2654 1849 2715 Heraclidas
1868 2656 2070 2715 urbem
2095 2674 2261 2714 suam

359 2751 501 2830 regi,
536 2762 935 2832 proetereaque
959 2753 1180 2834 copias,
1223 2753 1486 2835 peditum
1523 2752 1710 2812 millia
1734 2761 2006 2833 quatuor,
2035 2752 2261 2832 equites

360 2850 732 2928 quingentos,
785 2849 1089 2910 offerebat.
1188 2849 1410 2931 Neque
1448 2851 1679 2930 segnius
1719 2850 1850 2909 aliis
1901 2850 1979 2909 ab
2020 2850 2261 2909 urbibus
2283 2848 2410 2898 Plut.

360 2962 667 3006 occursum
694 2957 804 3016 est,
849 2947 1107 3027 quodam
1133 2947 1316 3008 veluti
1348 2956 1602 3008 torrente
1637 2948 1904 3008 fortuuae.
1989 2947 2259 3028 Pyrrhus
2303 2944 2584 2998 Duod.Ec1.

358 3042 691 3104 humaniter
713 3054 996 3125 exceptos
1020 3046 1389 3127 habitosque,
1428 3046 1742 3107 conciliata
1768 3047 2024 3106 omnium
2051 3045 2257 3106 volun·
2281 3011 2313 3058 ι
2338 3027 2481 3063 ¹¹¹¹

358 3153 503 3215 tate,
546 3164 714 3203 suam
748 3164 1039 3225 quemque
1075 3145 1133 3204 in
1178 3145 1477 3205 civitatem
1502 3147 1755 3214 remisit;
1802 3145 2111 3226 ampliores
2125 3146 2258 3223 jam

359 3240 555 3300 animo
580 3261 712 3321 spes
737 3241 985 3320 agitanS,
1012 3250 1094 3313 et,
1123 3242 1172 3301 si
1198 3240 1487 3302 destinata
1502 3263 1672 3324 porro
1690 3242 1770 3302 ita
1788 3240 2051 3311 fluerent,
2079 3241 2258 3299 etiam

361 3336 418 3395 in
446 3336 723 3397 Africam
748 3339 1110 3399 transiturus.

434 3443 496 3494 4.
544 3434 640 3494 At
662 3435 835 3494 sociis
863 3438 994 3515 ejus
1019 3437 1076 3495 in
1105 3435 1289 3497 Italia
1313 3436 1470 3496 haud
1496 3436 1736 3518 perinde
1763 3436 1917 3497 laetae
1939 3457 2031 3497 res
2055 3443 2256 3495 erant:

359 3550 525 3611 quos,
556 3532 800 3591 absente
815 3553 951 3611 rege
976 3542 1038 3594 et
1061 3534 1269 3594 robore
1293 3535 1605 3606 exercitus,
1634 3534 1911 3597 adversus
1938 3533 2259 3594 infestiores
2503 3602 2510 3611 ι

360 3627 621 3712 quotidie
648 3627 959 3689 Romanos
987 3630 1142 3690 Milo
1167 3651 1301 3692 cum
1346 3641 1508 3711 parte
1551 3633 1852 3713 copiarum
1882 3630 2122 3690 Tarenti
2165 3650 2255 3689 re·
2281 3639 2450 3688 zonat.

360 3724 529 3786 lictus
571 3746 690 3787 non
731 3726 874 3786 satis
913 3729 1234 3788 tutabatur.
1319 3727 1634 3789 Hactenus
1672 3739 1869 3788 tamen
1911 3727 2149 3808 profuit,
2191 3735 2258 3785 ut

361 3821 695 3883 Tarentinis
719 3823 796 3883 ad
822 3834 1054 3906 tempus
1089 3825 1290 3886 dilatis
1335 3827 1509 3886 ambo
1551 3826 1818 3886 consules
1860 3826 1918 3884 in
1953 3824 2256 3884 Samnium

362 3920 523 3998 signa
544 3930 966 3981 converterent.
1028 3920 1346 3994 Samnites,
1372 3943 1507 3983 cum
1535 3944 1703 4001 agros
1717 3943 1851 3982 suos
1875 3922 1984 3993 uri,
2013 3922 2258 3982 castella

367 4018 709 4097 expugnari,
737 4027 924 4077 totam
951 4018 1093 4078 belli
1133 4018 1347 4080 molem
1374 4021 1432 4079 in
1459 4040 1521 4079 se
1547 4040 1795 4091 versam,
1822 4040 2000 4099 seque
2026 4039 2063 4078 a
2086 4020 2258 4078 sociis

366 4110 667 4174 derelictos
704 4135 831 4175 esse
870 4125 1193 4187 cernerent,
1234 4116 1443 4177 animis
1483 4137 1556 4176 ac
1596 4116 1814 4176 viribus
1853 4118 2125 4197 impares,
2153 4115 2257 4175 de-

370 4210 523 4269 sertis
545 4211 780 4292 oppidis
806 4222 984 4293 atque
1013 4214 1156 4274 vicis
1182 4213 1239 4273 in
1267 4223 1493 4273 montes
1508 4211 1773 4273 excelsos
1795 4222 1856 4273 et
1870 4213 2101 4283 arduos),
2120 4233 2254 4272 cum

374 4307 637 4369 uxoribus
670 4310 790 4370 suis
830 4309 1167 4391 liberisque,
1208 4331 1280 4372 ac
1322 4311 1630 4371 carissimis
1665 4331 1877 4383 rerum,
1916 4330 2070 4390 quas
2109 4310 2256 4368 inter
