3025 4892
419 347 589 413 1414
1380 361 1447 410 τ.
1497 361 1682 411 mvn

822 513 922 570 18.
964 506 1241 568 Ceterum
1266 507 1669 587 importunitas
1696 503 1763 564 L.
1787 502 2102 575 Postumii,
2131 504 2622 584 quemadmodum

742 603 850 683 ipsi
889 624 1066 685 supra
1101 612 1326 664 veteres
1368 602 1622 662 offensas
1661 602 1954 680 ingentem
1993 600 2274 661 conflavit
2319 601 2620 671 invidiam,

740 698 827 759 ita
864 700 949 766 Q.
996 700 1185 760 Fabio
1224 699 1301 759 ad
1342 698 1602 760 favorem
1641 699 1898 767 omnium
1930 696 2105 757 valde
2137 697 2387 777 profuit:
2429 698 2621 778 eique,

739 804 1049 876 postquam
1075 796 1152 856 ad
1179 797 1380 857 urbem
1401 796 1583 865 venit,
1602 793 1793 874 deque
1818 794 1991 853 rebus
2005 813 2043 853 a
2057 813 2120 853 se
2135 795 2311 873 gestis
2332 794 2621 864 disseruit,

421 907 553 957 1²„st
573 905 719 972 capi.
742 892 1063 973 triumphus
1075 892 1233 954 haud
1249 913 1400 972 aegre
1414 892 1682 952 decretus
1703 900 1811 950 est.
1862 890 2271 971 Triumphavit
2285 891 2623 971 proconsule

420 974 508 1021 ‘⁰¹’
742 983 818 1045 de
846 986 1206 1048 Samnitibus
1220 990 1321 1070 qui
1350 998 1367 1025 ‘
1391 989 1600 1048 Pentri
1615 992 1631 1015 ⁹
1652 987 2150 1065 cognominantur,
2170 985 2459 1046 Kalendis
2473 985 2626 1046 Sex·

421 1086 552 1202 ²¹0⁸·
581 1085 698 1137 Pab.
742 1082 961 1147 tilibus.
1003 1084 1252 1144 Currum
1276 1105 1430 1165 equo
1454 1092 1687 1144 secutus
1708 1093 1799 1142 est
1818 1102 1998 1142 senex
2025 1081 2280 1142 Fabius:
2307 1102 2482 1162 quem
2507 1103 2622 1142 non

425 1275 525 1325 Dio
557 1276 685 1341 *ΡΜ
742 1180 1302 1356 ἓὲἰῗιῖεῖῗωιᾜιῖιῗ
1317 1187 2625 1354 ἶέοοξῃῖἐίεὲζΐαηῖωιῖἳ’ωωωωῃαῐὲ

424 1341 589 1390 Valeo.
743 1373 892 1431 bene
916 1382 1093 1450 gestae
1118 1372 1358 1450 gloriam
1394 1372 1472 1431 ad
1500 1371 1796 1433 consulem
1830 1369 2030 1451 populi
2073 1368 2334 1430 Romani
2365 1362 2622 1441 uehens,

421 1502 535 1554 vd·
556 1503 690 1554 Mn·
744 1470 914 1529 sicuti
960 1468 1191 1529 nomine
1232 1469 1431 1547 legati,
1462 1469 1547 1529 sic
1578 1470 1756 1528 etiam
1796 1467 2082 1527 modestia
2115 1468 2420 1535 utebatur;
2467 1466 2626 1527 baud

425 1583 476 1618 v·
497 1572 548 1618 ⁷·
572 1571 618 1616 1.
746 1565 952 1625 minori
995 1585 1129 1625 cum
1177 1566 1479 1646 voluptate
1521 1566 1766 1624 bonores
1814 1562 1924 1623 filii
1963 1563 2225 1633 intuitus,
2272 1582 2448 1642 quam
2491 1583 2625 1623 eum

749 1659 941 1720 adhuc
966 1660 1273 1742 parvulum
1298 1662 1358 1720 in
1382 1681 1551 1721 cursu
1592 1680 1698 1720 suo
1728 1659 2180 1729 circumtulerat,
2213 1678 2350 1720 cum
2381 1659 2503 1740 ipse
2527 1659 2626 1718 tri-

426 1760 593 1810 Zontr·
750 1757 1074 1838 umpharet.
1119 1758 1396 1817 Ceterum
1417 1756 1631 1838 praedae
1657 1765 1882 1837 partem
1901 1755 2179 1814 militibus
2201 1754 2404 1815 consul
2428 1754 2627 1814 dedit:

426 1848 536 1901 Liv.
563 1849 694 1914 Epit.
750 1852 974 1932 reliqua
1000 1854 1057 1912 in
1083 1854 1347 1913 aerarium
1371 1853 1576 1913 relata.
1631 1852 1709 1913 C.
1727 1852 1984 1912 Pontius
2001 1851 2232 1910 Samnis
2254 1852 2313 1910 in
2338 1851 2630 1931 triumpho

425 1929 504 1964 ¹¹⁹
751 1947 980 2020 ductuS,
1007 1969 1145 2009 mox
1169 1951 1355 2010 securi
1379 1969 1679 2030 percussus
1701 1956 1826 2007 est:
1861 1947 1952 2006 vir
1975 1967 2111 2006 acer
2133 1955 2195 2006 et
2216 1947 2628 2018 memorabilis,

749 2046 849 2124 qui
870 2046 989 2105 vim
1013 2044 1351 2107 Romanam
1375 2048 1445 2106 iis
1467 2045 1825 2125 temporibus
1861 2043 1962 2102 diu
1987 2044 2276 2114 sustinuit,
2315 2042 2630 2123 cladesque

749 2160 865 2200 non
904 2141 1377 2213 contemnendae,
1416 2141 1521 2202 sed
1562 2140 1936 2220 ignominiam
1977 2138 2161 2198 multo
2192 2140 2511 2211 maximam
2553 2139 2630 2199 ad

429 2229 608 2279 0³⁶·<10
624 2228 724 2279 Off.
750 2235 1053 2297 Caudinas
1079 2237 1359 2298 Furculas
1383 2238 1608 2298 intulit:
1637 2255 1812 2317 quem
1837 2235 2004 2294 aiunt
2018 2232 2213 2294 dicere
2230 2233 2495 2294 solitum:
2524 2244 2542 2271 ‘
2564 2234 2631 2294 Si

429 2294 465 2342 ¹⁶
489 2309 551 2345 η’
569 2310 617 2345 ⁰⁸
639 2299 723 2345 ²¹⁸
748 2332 808 2391 in
835 2353 909 2392 ea
931 2342 1194 2414 tempora
1218 2345 1390 2394 natus
1412 2343 1585 2404 esset,
1601 2333 1814 2414 quibus
1830 2346 2074 2392 munera
2088 2331 2351 2410 accipere
2369 2329 2632 2392 Romani

747 2426 1104 2499 didicissent,
1146 2451 1207 2490 se
1233 2430 1365 2491 illos
1394 2430 1614 2490 diutius
1647 2429 1928 2508 imperare
1954 2446 2069 2485 non
2095 2425 2269 2485 fuisse
2295 2429 2640 2507 passurum.'

751 2526 854 2587 Ita
892 2537 1017 2588 tum
1067 2528 1300 2590 fortuna
1339 2530 1596 2591 civitatis
1628 2548 1742 2587 non
1776 2544 2062 2585 armorum
2106 2524 2289 2602 magis
2326 2524 2631 2597 industria,

748 2643 926 2703 quam
955 2625 1287 2686 innocentia
1315 2646 1539 2686 morum
1557 2624 1738 2685 stetit.

430 2709 634 2775 mmm·
647 2725 726 2774 ⁸1³·
830 2727 955 2782 19..
991 2721 1061 2781 L.
1115 2722 1458 2784 Postumius
1508 2723 1730 2782 interea
1780 2740 1894 2780 non
1946 2720 2140 2780 minus
2179 2719 2491 2782 honoribus
2531 2720 2634 2799 qui

432 2774 596 2823 νήει
750 2814 962 2875 aemulo
985 2820 1264 2888 concessi,
1283 2838 1463 2898 quam
1488 2819 1590 2898 qui
1616 2818 1726 2876 sibi
1753 2817 1948 2894 negati
1973 2815 2227 2886 fuerant,
2241 2814 2515 2886 fremens,
2533 2835 2637 2895 per

751 2911 1151 2989 impotentiam
1183 2914 1384 2985 animi,
1426 2933 1563 2973 cum
1609 2913 1954 2972 auctoritate
1992 2910 2244 2971 Patr-um
2270 2911 2639 2971 contumacia

821 3005 1053 3079 rtando,
1072 3027 1261 3089 neque
1286 3009 1503 3070 mederi
1528 3009 1786 3089 acceptis
1807 3008 2143 3069 vulneribus
2163 3008 2374 3088 potuit,
2400 3015 2462 3067 et
2483 3005 2639 3067 ultro

749 3025 820 3065 ce

751 3101 997 3162 irritavit
1025 3103 1161 3175 iras,
1193 3126 1342 3186 quas
1382 3106 1666 3166 modestia
1704 3123 2032 3165 sermonum
2056 3103 2456 3182 factorumque
2483 3102 2636 3161 miti·
2737 3164 2766 3189 ⁸,

749 3218 887 3276 gare
916 3197 1228 3262 debuisset.
1303 3202 1545 3284 Quippe
1585 3222 1702 3262 non
1744 3199 1995 3281 querelis
2039 3199 2316 3260 adversus
2354 3198 2637 3269 inimicos,

750 3316 869 3356 non
891 3298 1171 3359 conviciis
1194 3300 1252 3359 in
1279 3299 1435 3380 ipsos
1447 3299 1680 3359 ordines
1694 3300 2015 3368 abstinens,
2030 3312 2150 3378 quo
2175 3297 2461 3357 Patribus
2485 3314 2638 3374 aegre

748 3391 989 3464 faceret,
1017 3394 1276 3475 praedam
1300 3415 1535 3455 omnem
1554 3395 1834 3455 militibus
1846 3394 2162 3464 distribuit,
2178 3393 2635 3472 exercitumque,

751 3489 1085 3570 priusquam
1134 3512 1428 3553 successor
1472 3491 1625 3551 mitti
1677 3498 1890 3572 posset,
1934 3488 2171 3549 dimisit.
2256 3487 2638 3568 Triumphum

428 3602 533 3651 Liv.
569 3618 622 3650 x.
642 3604 725 3651 37.
749 3586 925 3645 etiam
950 3596 1154 3647 contra
1178 3587 1540 3648 voluntatem
1563 3596 1800 3647 senatus
1832 3594 2050 3656 actum,
2079 3602 2417 3664 quanquam
2443 3582 2522 3643 ad
2546 3603 2646 3643 see

749 3682 1005 3749 cundum
1036 3686 1165 3763 ejus
1195 3684 1563 3745 consulatum
1603 3683 1821 3744 relatus
1854 3684 1951 3753 sit,
1993 3680 2072 3741 ad
2102 3683 2232 3741 haec
2271 3682 2466 3761 potins
2490 3689 2640 3742 tem·

434 3782 641 3849 Dimm-
751 3798 892 3857 pora
906 3779 1189 3859 pertinere
1207 3779 1550 3841 crediderim
1567 3793 1585 3839 t
1614 3780 1790 3860 idque
1811 3779 2115 3859 scriptores
2135 3776 2454 3856 diligentiae
2470 3775 2639 3835 fidei-

749 3892 863 3951 que
889 3893 1003 3933 non
1030 3885 1334 3954 postremae
1375 3877 1433 3934 in
1472 3875 1721 3935 historiis
1748 3875 1867 3935 suis
1905 3871 2300 3955 prodiderunt.
2385 3873 2487 3932 Ob
2513 3873 2642 3932 lucc

749 3968 910 4028 facta
936 3972 1349 4032 recentioribus
1385 3970 1535 4032 odiis
1559 3972 1774 4052 petitus
1803 3979 1926 4031 estt
1969 3990 2218 4051 eumque
2256 3969 2427 4030 simul
2460 3978 2638 4048 atque

750 4064 1088 4142 magistratu
1132 4068 1279 4129 abiit
1317 4066 1437 4127 duo
1480 4068 1694 4127 tribuni
1735 4066 1924 4147 plebis
1953 4067 2371 4145 corripuerunt,
2421 4063 2518 4123 die
2561 4062 2638 4122 ad

751 4159 1027 4241 populum
1075 4162 1251 4223 dicta.
1323 4163 1558 4223 Praeter
1600 4183 1675 4223 ea
1714 4182 1848 4243 quae
1891 4161 2360 4233 memoravimus,
2411 4160 2639 4222 crimini
