3025 4892
998 359 1148 406 ms.
1195 357 1397 409 xxtt.
1446 359 1610 409 cn.
1653 346 1763 411 «15.
2284 348 2457 415 1849

345 507 459 571 45.
504 504 690 575 Dum
722 505 1276 572 altercationibus
1322 506 1562 591 magis,
1591 527 1794 592 quam
1836 510 2159 591 consiliis,
2190 519 2459 598 tempus

260 609 527 693 teritur3
580 609 921 678 Hannibal
951 629 1039 675 ex
1069 610 1238 690 acie,
1278 630 1479 695 quam
1520 610 1607 675 ad
1648 612 1925 678 multum
1972 614 2107 679 diei
2158 623 2460 684 tenuerat

258 715 674 791 instructam,
705 733 855 779 cum
885 714 953 778 in
982 722 1210 779 castra
1249 722 1510 781 ceteras
1552 716 1881 801 reciperet
1920 718 2185 801 copias„
2219 717 2461 794 Numi-‚-

259 819 390 883 das
417 817 505 883 ad
533 816 946 883 invadendos
973 837 1062 883 ex
1089 818 1458 884 minoribus
1489 821 1729 885 castris
1762 818 2219 886 Romanorum
2250 841 2461 906 aqua-

259 928 447 986 tores
490 926 672 986 trans
710 920 958 988 flumen
1005 922 1228 988 mittit.
1316 920 1541 1001 Quam
1573 923 1986 989 inconditam
2018 924 2465 991 turbam-cum

261 1022 544 1090 vixdum
576 1025 643 1089 in
677 1024 889 1109 ripam
930 1026 1178 1108 egressi
1223 1024 1512 1093 clamore
1551 1047 1633 1092 ac
1678 1026 1971 1092 tumultu
1998 1013 2366 1112 fugassent,
2397 1030 2469 1093 in

261 1127 621 1192 stationem
667 1147 936 1212 quoque
987 1147 1113 1212 pro
1166 1128 1347 1194 vallo
1398 1130 1696 1196 locatam
1749 1136 1952 1215 atque
2001 1130 2193 1214 ipsas
2252 1149 2468 1215 prope

261 1234 499 1313 portas
545 1229 762 1295 evecti
809 1226 1005 1296 sunt.f
1088 1230 1170 1296 Id
1225 1250 1383 1298 vero
1434 1232 1775 1315 indignum
1818 1233 2060 1310 visum,
2092 1234 2180 1297 ab
2226 1233 2470 1298 tumul-

263 1333 491 1397 tuario
542 1332 799 1400 auxilio
850 1335 996 1417 jam
1047 1333 1253 1400 etiam
1306 1341 1533 1401 castra
1585 1334 1899 1402 Romana
1944 1337 2214 1400 terreri:
2262 1341 2335 1400 ut
2385 1356 2470 1402 ea

261 1434 475 1500 modo
504 1454 638 1500 una
667 1454 902 1516 causa,
932 1457 1013 1502 ne
1052 1439 1393 1523 extemplo
1423 1439 1777 1505 transirent
1806 1438 2052 1503 flumen
2083 1437 2470 1522 dirigerent-

264 1557 401 1622 que
436 1539 676 1615 aciem,
708 1540 1001 1605 tenuerit
1031 1538 1408 1621 Romanos,
1437 1541 1621 1627 quod
1651 1561 1912 1607 summa
1953 1541 2214 1625 imperii
2247 1560 2327 1606 eo
2357 1539 2469 1607 die

264 1661 479 1728 penes
528 1641 845 1708 Paullum
892 1641 1109 1710 fuerit.
1198 1643 1442 1728 Itaque
1471 1643 1691 1710 Varro
1729 1650 2000 1729 postero
2032 1644 2164 1724 die,
2195 1644 2301 1710 cui
2331 1662 2475 1709 sors

266 1746 418 1834 ejus
446 1742 583 1810 diei
614 1746 872 1829 imperii
900 1753 1063 1827 erat,
1086 1746 1255 1813 nihil
1282 1747 1595 1816 consulto
1629 1748 1908 1831 collega,
1938 1748 2196 1830 signum
2229 1765 2475 1831 pugnae

269 1849 724 1935 proposuit,²⁸
785 1849 1287 1935 instructasque
1335 1852 1574 1935 copias
1627 1850 1871 1916 flumen
1928 1850 2271 1936 traduxit,3
2293 1859 2316 1906 t
2369 1869 2480 1914 se-

272 1957 520 2037 quente
554 1950 834 2034 Paullo;
881 1951 1044 2037 quia
1085 1954 1299 2037 magis
1340 1971 1476 2018 non
1522 1954 1828 2037 probare,
1878 1972 2080 2037 quam
2127 1971 2259 2018 non
2289 1951 2475 2036 adju·

270 2074 463 2134 vare,
509 2056 863 2121 consilium
907 2061 1198 2140 poterat.
1284 2055 1721 2144 Transgressi
1751 2055 1998 2148 flumen
2030 2073 2150 2119 eas
2180 2073 2479 2139 quoque,

274 2178 453 2243 quas
481 2159 552 2223 in
583 2160 819 2224 castris
843 2159 1207 2223 minoribus
1228 2157 1615 2238 habuerant,
1635 2158 1874 2242 copias
1906 2156 2046 2221 suis
2075 2155 2478 2240 adjungunt:

280 2269 486 2347 atque
529 2262 630 2326 ita
676 2263 1005 2327 instructa
1047 2260 1216 2340 acie,
1246 2260 1316 2324 in
1355 2260 1596 2325 dextro
1627 2255 1881 2325 cornuh
1920 2257 2021 2345 (id
2054 2265 2200 2323 erat
2227 2257 2483 2324 flumini

278 2360 593 2449 propius)
623 2363 973 2431 Romanos
1005 2362 1272 2448 equites
1301 2361 1555 2442 locant,
1586 2360 1826 2428 deinde
1861 2360 2118 2447 pedites
2143 2367 2209 2423 :4
2236 2361 2484 2427 laevum

1201 2542 1567 2566 MNO

284 2726 296 2737 ·
332 2664 377 2737 ,2
410 2658 497 2711 At.
515 2660 706 2722 signnm
735 2659 1098 2736 propositum-8
1131 2658 1273 2711 Olim
1295 2658 1587 2723 legebatur,
1605 2656 1940 2720 instructisque
1961 2654 2109 2733 copiis
2119 2653 2304 2718 flumen
2328 2656 2486 2701 trans·

274 2728 490 2775 ται-4
521 2729 537 2753 ‘
559 2726 796 2775 mame
816 2730 995 2789 equites
1014 2725 1188 2781 leuat,
1211 2724 1387 2775 medios
1414 2725 1612 2787 pedites,
1638 2725 1718 2773 vel
1742 2722 1885 2773 medii
1908 2723 2096 2785 peritus
2115 2734 2190 2771 sc.
2213 2725 2382 2778 eraut,
2405 2717 2487 2765 vel

276 2790 487 2840 median·
504 2792 688 2855 pedites
703 2822 721 2841 .
739 2824 753 2840 .
769 2823 782 2838 .
800 2796 1052 2840 tenuerant
1076 2789 1329 2855 suspicari
1351 2790 1520 2855 possis
1543 2802 1657 2839 cum
1680 2787 1734 2839 J.
1750 2788 1811 2841 F.
1827 2784 2072 2838 Gronov?
2106 2785 2312 2847 Rupere.
2365 2780 2490 2832 vid.

1272 2918 1496 2972 NOTAE

347 3019 369 3054 ¹
396 3019 501 3070 Pro
520 3019 641 3070 aeuo
661 3021 863 3071 butam
883 3024 1024 3084 atque
1051 3018 1178 3083 ipsas
1194 3031 1344 3082 prope
1426 3024 1535 3066 tum
1557 3030 1623 3065 ex
1647 3015 1895 3067 Auctoris
1911 3016 2071 3081 ipsius
2094 3011 2355 3070 verbis.si
2378 3026 2492 3063 rec·

278 3103 449 3162 portas
468 3099 622 3147 evecti
642 3097 778 3162 sunt]
816 3097 955 3147 Gall.
985 3095 1056 3146 Ils
1084 3097 1346 3145 deamat
1405 3100 1482 3144 *te
1510 3093 1934 3159 interpretemur,
1957 3094 2032 3143 ita
2065 3092 2287 3144 divisum
2310 3090 2491 3147 fuisse,

269 3175 474 3238 ,inques
508 3189 608 3224 aux
639 3174 1031 3239 corps-de-gards
1053 3171 1144 3222 ntis
1172 3173 1347 3221 devant
1427 3175 1487 3219 ut
1522 3177 1718 3233 praeter
1738 3184 1949 3228 cornua,
1981 3168 2032 3219 in
2059 3167 2248 3234 quibus
2287 3164 2492 3231 equites

282 3251 350 3299 les
369 3249 788 3314 retranchements,
808 3254 855 3299 et
882 3263 1080 3313 presque
1096 3248 1296 3312 ,inques
1314 3249 1347 3297 ὰ
1427 3246 1691 3312 utrimque
1714 3247 1890 3305 locati,
1925 3245 2061 3297 scies
2083 3243 2256 3295 media
2281 3241 2487 3309 pedites

282 3330 331 3379 la
345 3333 489 3393 porte
509 3330 577 3378 du
591 3329 715 3392 petit
736 3342 871 3391 camp
892 3329 974 3377 des
997 3326 1246 3377 Romaiu.
1425 3322 1666 3386 baberet,
1697 3322 1764 3372 ad
1791 3322 2028 3373 dextram
2060 3320 2270 3386 quidem
2302 3319 2494 3372 Roma·

349 3413 377 3451 ε
409 3405 621 3468 Signina
646 3418 823 3469 pttgnoe
842 3402 1110 3468 proposuit]
1145 3400 1207 3451 Id
1232 3405 1347 3450 erat
1428 3413 1524 3450 nos
1563 3399 1893 3464 legionarios,
1939 3399 2004 3448 ad
2064 3398 2323 3449 sinistram
2370 3409 2493 3445 vero

286 3483 523 3549 sagulum
554 3483 665 3532 sive
705 3484 881 3532 tunica
911 3480 1155 3531 coccinea
1191 3492 1350 3542 supra
1427 3476 2032 3544 sociales‚quidicuntur
2054 3475 2329 3526 interiores
2351 3473 2494 3538 equi·

287 3560 435 3612 ducis
458 3560 738 3611 tentorium
763 3573 1010 3625 expansa,
1039 3562 1173 3608 teste
1204 3554 1350 3606 Plut.
1432 3551 1573 3604 tibus
1595 3552 1701 3603 suis
1734 3551 1895 3603 fuisse
1928 3552 1979 3602 in
2003 3558 2238 3602 extremo
2271 3551 2402 3599 laevo
2428 3549 2498 3596 la-

287 3638 340 3688 in
365 3637 496 3689 rab.
1433 3637 1549 3681 tere
1571 3630 1890 3681 constitutis.
1956 3628 2020 3679 Id
2045 3644 2111 3679 ex
2131 3627 2353 3691 Polybio
2375 3639 2498 3676 con·

353 3723 376 3770 t
417 3713 617 3765 flumen
650 3711 891 3776 mduxit]
926 3709 1164 3775 Uterque
1201 3721 1351 3758 exer·
1431 3705 1623 3757 firmari
1651 3713 1846 3771 potest,
1866 3706 1954 3771 qui
1976 3714 2119 3755 notat
2141 3704 2352 3755 ordines
2368 3701 2497 3751 den-

289 3791 426 3843 eitus
462 3788 670 3841 fluvium
707 3786 935 3853 trajecit,
971 3785 1110 3852 quod
1135 3797 1356 3834 commo·
1433 3785 1599 3834 siores
1623 3782 1784 3833 fuisse
1820 3783 1873 3832 in
1906 3780 2149 3832 subsidiis
2186 3785 2244 3831 et
2266 3787 2501 3829 extrema

291 3868 405 3918 dior
430 3874 573 3918 esset
607 3866 713 3916 illic
749 3878 958 3928 campus
992 3861 1061 3911 ad
1093 3862 1354 3911 instruen-
1435 3860 1569 3922 acie,
1608 3873 1760 3926 quatu
1806 3859 1859 3909 in
1904 3856 2099 3934 fronte,
2132 3855 2498 3919 multiplicatis

294 3943 412 3995 dam
436 3944 620 3994 aciem.
651 3943 707 3991 J.
732 3929 962 3991 cler-imi
1433 3938 1638 3988 scilicet
1695 3938 1749 3987 in
1804 3935 2131 3985 altitudinem
2189 3932 2499 3997 manipulis,

353 4020 379 4055 ¹¹
417 4020 480 4070 Ιιι
509 4022 681 4071 dextro
700 4016 871 4082 cornu]
923 4014 1152 4066 Videtur
1177 4013 1354 4063 Livius
1435 4014 1569 4063 banc
1592 4014 1727 4063 enim
1753 4013 1868 4076 ejus
1899 4011 2209 4061 sententiam
2241 4023 2357 4059 esse
2381 4022 2499 4058 cum

294 4096 347 4147 in
370 4097 474 4148 duo
509 4102 713 4147 tautum
746 4107 938 4145 cornua
974 4098 1137 4142 totum
1164 4090 1355 4141 Roma·
1437 4089 1729 4155 interprete
1753 4088 1965 4154 Polybti
1986 4094 2043 4139 et
2078 4086 2344 4139 Gronovio
2367 4082 2502 4135 arbi·

291 4189 471 4225 norum
506 4173 792 4224 exercitum
817 4169 1064 4221 dividere.
1116 4167 1359 4233 Apparet
1439 4172 1571 4218 tror.

297 4263 490 4317 tamen,
501 4259 610 4303 tum
634 4265 697 4301 ex
716 4264 856 4301 more
876 4248 1077 4304 militiae
1095 4247 1361 4307 Romane,

422 4332 601 4399 υιιριι.
624 4338 670 4383 ιι
696 4331 810 4383 ναν.
838 4331 968 4382 σιω.
1321 4322 1509 4377 Livias.
1798 4285 1803 4292 ’
2264 4322 2297 4369 o
2330 4318 2373 4367 F
