3025 4892
527 319 701 388 2008
1474 340 1544 390 τ.
1591 340 1779 391 mvn

522 488 710 552 ribus
741 485 983 551 castris
1011 504 1217 570 super
1244 485 1552 572 Capuam
1583 484 1911 553 consedit.
1984 482 2177 563 Inde,
2202 483 2268 550 N
2274 483 2527 551 umidis
2554 482 2713 549 His-

523 590 852 674 panisque
924 587 1013 653 ad
1065 589 1450 674 praesidium
1504 590 1704 655 simul
1759 593 2138 654 castrorum
2194 587 2399 653 simul
2460 587 2715 672 Capuae

522 693 796 770 relictis,
824 712 976 757 cum
1005 699 1228 758 cetero
1248 694 1541 759 exercitu
1562 694 1649 759 ad
1680 694 1904 758 lacum
1937 690 2194 756 Averni
2216 687 2239 726 ¹¹
2270 711 2390 775 per
2417 691 2717 773 speciem

526 793 969 873 sacrificandi,
1001 814 1071 859 re
1101 795 1257 879 ipsa
1284 801 1360 860 ut
1391 802 1675 863 tentaret
1704 795 2038 862 Puteolos
2067 794 2387 878 quodque
2422 793 2521 858 ibi
2552 814 2719 878 prae-

524 898 682 963 sidii
730 897 926 974 erat,⁶
965 898 1324 964 descendit.
1415 893 1809 976 Maximus}
1855 903 2210 981 postquam
2264 894 2723 961 Hannibalem

523 997 733 1085 Arpis
779 1000 1182 1085 profectum,
1230 1008 1303 1066 et
1354 1000 1606 1083 regredi
1642 1003 1711 1065 in
1762 1000 2226 1083 Campaniam,
2263 999 2553 1063 allatum
2601 1004 2724 1075 est,

525 1122 655 1170 nec
683 1104 790 1169 die
817 1123 939 1170 nec
963 1111 1157 1170 nocte
1186 1103 1567 1170 intermisso
1597 1103 1852 1176 itinere,
1880 1103 1966 1168 ad
1998 1101 2367 1167 exercitum
2396 1101 2613 1166 redit:
2658 1110 2728 1164 et

523 1206 631 1273 Ti.
664 1207 1043 1275 Gracchum
1082 1208 1171 1272 ab
1212 1207 1499 1272 Luceria
1538 1206 1995 1272 Beneventum
2045 1206 2288 1289 copias
2337 1204 2725 1278 admovere,

528 1306 619 1388 Q.
655 1310 938 1376 Fabium
982 1316 1336 1395 praemrem
1379 1308 1472 1394 (is
1513 1309 1694 1375 filius
1739 1309 2042 1375 consulis
2084 1303 2265 1392 erat)
2311 1307 2729 1373 Luceriam²

529 1413 844 1480 Graccho
872 1412 1232 1478 succedere
1251 1411 1468 1496 jubet.
1559 1411 1642 1476 In
1671 1411 1973 1479 Siciliam
1995 1412 2234 1477 eodem
2266 1417 2576 1494 tempore
2598 1409 2730 1474 duo

527 1521 841 1600 praetores
891 1515 1229 1600 prosecti,⁷
1270 1514 1354 1581 P.
1388 1513 1742 1580 Cornelius
1791 1516 1880 1580 ad
1926 1517 2319 1585 exercitum,
2366 1513 2733 1589 Otaciliusn,

528 1619 646 1703 qui
677 1618 1029 1683 maritimae
1059 1636 1194 1684 orae
1225 1618 1452 1703 reique
1480 1617 1709 1684 navali
1741 1623 2107 1702 praeesset3
2149 1622 2218 1682 et
2233 1618 2431 1682 ceteri
2460 1617 2536 1680 in
2564 1636 2733 1681 suas

528 1722 818 1805 quisque
877 1720 1260 1804 provincias
1306 1720 1628 1804 profecti:
1691 1729 1783 1800 et,
1831 1722 2077 1805 quibus
2123 1727 2560 1805 prorogatum
2612 1720 2733 1784 im-

528 1824 791 1908 perium
832 1829 1000 1901 erat,
1040 1822 1342 1902 easdem,
1372 1843 1542 1910 quas
1590 1825 1810 1909 priore
1851 1843 2048 1904 anno,
2092 1824 2401 1906 regiones
2426 1824 2733 1888 obtinue-

528 1933 702 1991 runt.

616 2028 721 2094 13.
767 2027 880 2092 Ad
911 2027 1394 2109 Hannibalem,
1423 2050 1577 2097 cum
1623 2033 1711 2098 ad
1751 2033 1975 2098 lacum
2006 2029 2264 2097 Averni
2293 2036 2502 2108 esset,
2533 2029 2735 2112 quin-

529 2151 657 2216 que
683 2131 944 2198 nobiles
972 2131 1266 2216 juvenes
1292 2135 1381 2199 ab
1411 2135 1703 2201 Tarento
1734 2145 2077 2214 venerunt,
2107 2134 2349 2218 partim
2381 2132 2469 2197 ad
2502 2132 2735 2197 Trasi-

527 2254 793 2300 menum
838 2235 1085 2314 lacum,
1117 2236 1358 2320 partim
1389 2237 1476 2302 ad
1517 2236 1784 2303 Cannas
1813 2240 2027 2322 capti,
2058 2237 2451 2320 dimissique
2493 2237 2736 2302 domos

529 2357 682 2403 cum
712 2337 945 2403 eadem
993 2340 1342 2418 comitate,
1373 2360 1511 2424 qua
1556 2361 1728 2407 usus
1773 2342 2098 2408 adversus
2128 2360 2356 2406 omnes
2386 2339 2737 2405 Romano·-

530 2460 678 2505 rum
735 2440 963 2506 socios
1015 2441 1272 2507 Poenus
1330 2443 1568 2510 fuerat.
1656 2444 1747 2524 Ii,
1809 2450 1830 2480 ‘
1861 2463 2191 2510 memores
2250 2441 2732 2509 beneficiorum

533 2543 682 2627 ejus
727 2543 1107 2627 perpulisse
1148 2564 1455 2628 magnam
1502 2552 1758 2632 partem
1789 2568 1864 2617 se
1892 2546 2270 2633 juventutis
2298 2546 2741 2623 Tarentinae:

530 2645 843 2724 referunt,
895 2653 915 2683 ‘
943 2653 1016 2712 ut
1061 2647 1471 2715 Hannibalis
1519 2651 1885 2716 amicitiam
1931 2671 2015 2717 ac
2065 2651 2489 2727 societatem,
2530 2668 2737 2734 quam

532 2748 768 2833 populi
801 2748 1114 2827 Romani,
1144 2750 1471 2833 mallent3
1516 2752 1917 2837 legatosque
1963 2754 2052 2818 ab
2093 2753 2238 2817 suis
2284 2751 2538 2816 missos
2559 2750 2587 2789 ⁸
2627 2771 2739 2816 ro-

533 2869 687 2933 gare
726 2851 1212 2932 Hannibalem,
1250 2860 1327 2919 ut
1372 2856 1741 2921 exercitum
1780 2856 2063 2940 propius
2098 2856 2469 2921 Tarentum
2504 2852 2735 2920 admo-

1441 3032 1533 3057 m

533 3131 751 3251 (33¹an
775 3135 1000 3185 Puteolos
1021 3135 1193 3199 quique
1224 3135 1293 3186 ibn·
1318 3139 1545 3203 presidio
1575 3144 1832 3190 ercan—7
1869 3138 2081 3200 Prolati
2101 3136 2379 3189 delendum
2402 3144 2579 3187 monet
2601 3136 2656 3187 J.
2678 3137 2741 3187 Ρ.

535 3270 634 3381 berfl
667 3268 683 3295 ‘
709 3265 1029 3330 Legendum,
1067 3267 1252 3328 legatos
1285 3282 1336 3318 se
1371 3268 1436 3319 ab
1470 3269 1576 3320 suis
1606 3268 1788 3334 missos,
1824 3271 1907 3333 ᾄτ.
1939 3276 2143 3321 certum
2181 3266 2444 3320 arbitror?
2484 3267 2603 3317 Ten.
2638 3268 2743 3317 Fe-

1523 3448 1575 3499 N
1582 3447 1742 3499 0¹1·AE

595 3544 622 3580 Β
651 3544 734 3596 Aa
751 3546 906 3594 Ιααιιιι
925 3544 1134 3609 Averni]
1168 3545 1333 3595 Lacus
1354 3543 1596 3598 Avernus
1667 3555 1827 3599 terrae
1840 3552 1983 3598 motu
2003 3546 2119 3596 fere
2137 3546 2300 3596 omnis
2314 3545 2530 3596 interiit.
2572 3545 2743 3596 Aver-

530 3622 607 3674 sic
625 3622 796 3672 dictus
821 3630 1056 3687 putatur,
1078 3622 1225 3687 quiesi
1250 3620 1432 3687 ἅορνος,
1454 3624 1597 3688 cujus
1668 3640 1764 3675 nus
1786 3632 1937 3676 extat
1962 3623 2253 3675 incredibili
2276 3622 2637 3688 profunditate
2660 3626 2741 3672 in·

532 3699 895 3765 appellationis
919 3700 1059 3749 locus
1098 3700 1228 3749 alius
1261 3701 1314 3748 in
1342 3700 1599 3764 Thespro·
1670 3708 1755 3752 ter
1774 3703 1927 3755 Baias
1951 3711 2006 3752 et
2030 3700 2285 3751 Puteolos
2306 3701 2565 3750 maritima
2588 3701 2744 3750 Ca·-

528 3778 608 3827 tis
631 3775 777 3839 Epiri
812 3776 1044 3840 regione,
1079 3776 1133 3825 id
1173 3783 1277 3840 est,
1310 3777 1326 3806 ⁴
1349 3776 1460 3825 siue
1495 3777 1601 3827 avi·
1672 3779 1841 3843 panim
1882 3778 2071 3831 Felicis
2108 3777 2321 3842 oppida,
2358 3786 2417 3827 et
2447 3775 2618 3827 adhuc
2648 3789 2744 3826 uo·

530 3851 688 3913 bus;’
724 3851 858 3915 quod
901 3859 1118 3917 propter
1151 3868 1361 3916 gravem
1384 3853 1597 3904 odorem
1668 3868 1787 3906 men
1811 3862 2001 3905 servat.

531 3943 683 3992 quern
707 3931 933 3992 exhalat,
951 3932 1341 3995 supervolantes
1362 3933 1596 3983 volucres
1734 3929 1750 3965 ¹
1779 3932 2052 3995 Maximus]
2084 3933 2291 3995 Nempe
2314 3932 2383 3985 Q.
2405 3929 2618 3981 Fabius.

530 4008 813 4056 exanimari
836 4006 1097 4059 dicautur:
1135 4008 1272 4058 unde
1307 4008 1476 4073 poetis
1511 4024 1599 4060 oc·
1733 4017 1771 4044 ¹¹¹
1799 4008 2067 4071 buniam]
2103 4009 2190 4059 Ita
2213 4008 2347 4058 dixit
2367 4006 2743 4057 Lamiam·

528 4084 671 4137 casio
693 4083 910 4133 nominis
930 4084 1066 4134 illius
1101 4084 1166 4134 ad
1202 4084 1406 4137 Inferet
1429 4093 1600 4137 trans·
1666 4089 1848 4150 cedere,
1886 4085 2325 4152 ‚quiemadmodnm
2376 4084 2631 4134 Luceriam
2666 4085 2747 4134 in

529 4160 747 4211 ferendi.
801 4159 968 4211 Juxta
993 4162 1265 4213 Lucrinum
1290 4164 1455 4214 lacum
1479 4163 1598 4228 suit,
1669 4164 1758 4213 alil
1781 4163 2067 4213 dixissent:
2103 4160 2361 4225 significat
2381 4160 2468 4223 sd,
2491 4160 2569 4210 vel
2594 4159 2740 4224 apud

529 4237 620 4287 sed
644 4237 898 4291 Lucrinus
936 4238 1080 4289 lacus
1115 4252 1198 4289 sn.
1235 4238 1423 4291 Christi
1450 4244 1596 4291 1588.
1667 4240 1940 4299 Luceriam
1963 4239 2205 4291 Graccho
2224 4238 2525 4289 succedere.
