3025 4892
843 355 1051 406 ιιιιιιι
1099 356 1264 406 xiv.
1306 353 1649 406 sursum
1666 357 1949 412 aaron.
2347 340 2517 408 1481

297 500 593 582 peditum,
619 519 725 561 sex
749 500 1015 581 equitnm
1041 500 1228 561 millia
1256 499 1468 562 fuisse:
1510 519 1590 562 ex
1616 501 1707 562 his
1728 504 1831 583 qui
1858 503 2194 585 plurimum,

296 618 408 659 sex
436 606 503 659 et
523 597 763 677 triginta
787 596 1006 667 millia3
1048 598 1152 677 qui
1192 598 1518 670 minimum,
1563 618 1669 659 sex
1712 609 1774 659 et
1811 601 2197 679 viginticaesa
2251 600 2448 666 Eutrop.
2472 600 2506 649 ¹·

301 702 665 756 memorant:
706 703 911 776 captos
953 693 1113 754 mille
1156 703 1468 767 trecentos,
1496 717 1633 756 cum
1671 696 2000 778 elephantis
2037 708 2192 760 octo.
2219 681 2393 780 nim..
2431 730 2520 778 zo-

301 790 582 873 Pyrrhus
603 811 738 852 cum
763 792 967 873 paucis
1008 792 1303 872 equitibus
1334 791 1656 855 Tarentum
1687 793 1967 874 effugit.
1998 795 2197 877 Capta
2216 811 2316 845 Μ·
2380 849 2403 870 .,

297 891 433 969 ejus
455 896 654 949 casu-a
676 887 1049 950 admirationi
1073 887 1248 950 fuisse
1270 889 1563 961 dicuntur,
1584 892 1676 951 et’
1661 911 1721 951 ιιι
1738 900 2031 973 posterum
2048 896 2195 956 usui.

298 985 664 1065 Antiquitas
701 986 860 1046 euim
899 993 963 1046 et
1006 984 1290 1059 Rotnani,
1317 997 1380 1047 et
1403 987 1506 1048 alii
1534 987 1736 1070 populi
1760 998 1954 1050 castra
1980 993 2195 1072 passim
2254 996 2381 1046 Fron
2383 1001 2421 1042 t.

299 1102 406 1162 per
430 1102 682 1163 corpora
701 1081 1025 1142 cohortium
1054 1084 1425 1156 constituere,
1452 1084 1880 1165 mapaliorum
1865 1106 1924 1147 ιιι
1953 1107 2195 1162 morem,
2219 1061 2397 1111 stratu
2406 1062 2522 1108 ”¹⁹

296 1178 592 1241 solebant.
671 1177 910 1239 Primus
934 1187 1122 1240 totum
1148 1181 1470 1241 exercitum
1500 1181 1767 1262 Pyrrhus
1789 1182 2064 1243 dimensis
2086 1186 2197 1246 rite

296 1276 507 1357 spati'n
530 1275 640 1335 sub
665 1275 878 1337 eodem
916 1275 1080 1337 vallo
1124 1278 1475 1340 continuisse
1501 1277 1714 1339 fertur:
1759 1287 1934 1359 atque
1960 1279 2065 1341 illo
2090 1301 2196 1341 ex-

297 1371 502 1454 emplo
526 1370 765 1452 adjutos
788 1370 1114 1445 Romanos,
1141 1373 1360 1435 additis
1401 1394 1537 1456 quae
1575 1394 1651 1435 ex
1697 1395 1805 1435 usu
1845 1374 2195 1448 viderentur,

299 1469 380 1530 ad
423 1469 801 1530 metationem
840 1478 1186 1543 castrorum,
1212 1492 1391 1551 quam
1435 1472 1813 1553 sequentibus
1844 1474 2198 1554 temporibus
2263 1539 2273 1550 ,

297 1565 784 1645 perfeothsimam
809 1566 1085 1639 habuere,
1111 1569 1455 1650 pervenisse.

379 1669 485 1724 38.
531 1660 663 1723 Hic
703 1682 912 1735 annus,
953 1665 1259 1745 republica
1307 1664 1453 1726 belli
1503 1665 1783 1747 praeclare
1833 1666 2196 1748 feliciterque

229 1746 236 1754 ⁸
299 1769 491 1839 gesta,
517 1759 850 1820 domesticis
869 1780 1105 1841 quoque
1130 1761 1304 1824 rebus
1327 1770 1391 1824 et
1413 1762 1662 1830 notabili
1686 1764 1993 1825 severitate
2019 1763 2195 1824 disci-

299 1856 480 1938 plinae
515 1858 754 1918 urbanae
801 1855 1040 1918 illustris
1080 1856 1211 1919 fuit.
1296 1860 1381 1928 Q.
1410 1859 1718 1921 Fabricius
1760 1859 2064 1932 Luscinus,
2111 1861 2195 1928 Q.
2221 1862 2392 1914 Zour-

299 1952 581 2014 AEmilius
599 1953 830 2036 Papus,
850 1954 1199 2018 concordem
1217 1976 1523 2018 censuram
1538 1967 1957 2018 exercuerunt:
2001 1956 2199 2019 multis

298 2051 437 2131 equi
465 2050 690 2131 publici
717 2050 937 2113 ademti
961 2060 1132 2122 sunt3
1178 2052 1418 2133 quidam
1436 2056 1616 2115 etiam
1632 2054 1691 2114 in
1715 2062 1920 2116 senatu
1948 2053 2197 2133 legendo
2253 2051 2398 2102 Not·

300 2146 603 2228 preteriti.
657 2146 778 2208 Sed
806 2148 1061 2208 maxime
1086 2149 1329 2230 insignis
1354 2150 1432 2211 ad
1458 2151 1796 2211 memoriam
1822 2150 1904 2212 P.
1936 2149 2198 2212 Cornelii
2221 2117 2529 2232 Fri-rubiam

299 2241 514 2303 Rufini
543 2252 684 2304 nota
709 2243 839 2307 suit.
925 2244 1037 2306 Bis
1059 2246 1263 2307 consul
1288 2255 1351 2309 et
1382 2247 1637 2309 dictator
1667 2247 1881 2319 fuerat,
1908 2249 2254 2359 rebusque
2252 2246 2342 2295 Liv
2346 2246 2476 2312 ..Ep

299 2341 530 2419 magnis
571 2339 734 2402 hello
773 2342 950 2420 gestis
987 2343 1463 2425 triumphaverat.
1550 2343 1735 2405 Hunc
1777 2345 1950 2423 igitur
1990 2354 2197 2406 senatu
2222 2328 2334 2425 ¹A'
2348 2374 2436 2490 80θ
2439 2375 2492 2425 ῃ,

300 2447 610 2499 moverunt
654 2457 940 2511 censores,
991 2459 1351 2521 causamque
1391 2440 1487 2502 isti
1537 2440 2019 2502 animadversioni
2060 2442 2277 2500 sub-w
2454 2449 2505 2489 0²

299 2537 722 2616 seripserunt,‘
750 2534 910 2615 quod
953 2556 1090 2597 eum
1127 2538 1544 2619 comperissent
1586 2538 1808 2617 argenti
1850 2536 1991 2597 facti
2017 2557 2198 2598 ccenoe
2223 2509 2461 2556 nudi.

300 2632 489 2710 gratia
530 2631 729 2712 pondo
766 2630 1015 2692 decem!
1047 2633 1285 2695 habere.
1290 2635 1308 2662 ²
1390 2633 1571 2714 Isque
1611 2653 1780 2696 casus
1812 2653 1927 2695 non
1952 2634 2202 2696 hominis
2223 2634 2316 2684 Plu
2318 2634 2405 2683 tan
2377 2633 2527 2700 nSyl·

301 2727 502 2798 modo,
546 2727 650 2787 sed
692 2727 931 2791 familiae
975 2728 1055 2790 ad
1097 2729 1332 2810 long-um
1378 2729 1592 2793 deinde
1634 2739 1862 2813 tempus
1900 2729 2048 2791 fuit:
2091 2750 2202 2790 nec
2225 2700 2353 2757 '⁸⁹⁰‘
2375 2702 2422 2747 ¹

303 2833 435 2885 ante
465 2823 705 2905 Syllam
730 2823 1078 2888 dictatorem
1102 2829 1412 2908 quisquam
1434 2847 1516 2893 ex
1539 2848 1614 2889 ea
1627 2827 1865 2890 summis
1888 2827 2204 2888 honoribus

302 2942 435 2982 ιιιιιε
457 2930 570 2982 est.
653 2919 851 2982 Tanta
873 2923 1228 3002 temporibus
1251 2924 1377 2985 istis
1400 2925 1782 3007 parcimonia,
1805 2933 2120 3006 tantusque
2145 2924 2205 2985 in

301 3018 511 3080 eadem
551 3018 797 3078 civitate
841 3026 1048 3100 postea
1083 3018 1258 3082 luxus
1289 3019 1424 3093 fuit,
1468 3031 1538 3083 ut
1571 3042 1707 3102 quae
1746 3020 2015 3103 supellex
2045 3019 2206 3103 apud
2231 3011 2375 3129 νῧῙ·
2387 3010 2511 3126 2¹⁸¹
2519 3043 2531 3058 ·

305 3125 563 3195 posteros
586 3114 1053 3176 contemtiaeimae
1093 3115 1337 3178 vilitatis
1376 3127 1781 3198 argumentum
1819 3117 2016 3180 futura
2055 3127 2205 3190 erat,

304 3212 512 3274 eadem
567 3230 608 3284 a
644 3211 931 3292 prioribus
975 3232 1081 3292 pro
1121 3209 1477 3275 intolerabili
1529 3215 1763 3278 luxuria
1810 3215 2205 3279 damnaretur.

305 3307 504 3371 censu
529 3307 792 3390 perfecto
816 3308 1060 3370 lustrum
1083 3309 1383 3372 conditum
1407 3320 1536 3374 est:
1576 3332 1754 3374 censa
1767 3312 1995 3374 civium,
2011 3313 2209 3395 capita
2264 3319 2370 3369 Liv.
2392 3317 2483 3383 Ep.

303 3403 562 3467 ducenta
585 3405 955 3487 septuaginta
978 3426 1158 3467 unum
1183 3406 1393 3480 millia,
1428 3407 1686 3470 ducenta
1707 3409 1915 3488 viginti
1939 3417 2206 3489 quatuor.
2233 3399 2348 3434 κη’

382 3509 486 3564 34.
531 3500 612 3562 In
638 3502 804 3563 exitu
832 3503 970 3562 anni
1009 3502 1216 3564 consul
1247 3513 1489 3585 uterque
1516 3504 1936 3587 triumphantes
1962 3505 2209 3588 Capito-
2233 3511 2539 3575 FastiCapit.

305 3597 444 3659 lium
471 3599 693 3660 invecti
717 3608 886 3659 sunt:
931 3598 1087 3679 prior
1130 3599 1378 3662 Curius:
1420 3603 1591 3682 cujus
1631 3611 1694 3661 et
1733 3602 2056 3683 triumphus
2077 3623 2211 3663 cum

305 3692 466 3756 fama
507 3714 723 3766 rerum,
768 3704 831 3754 et
876 3694 1084 3756 laetitia
1133 3717 1449 3770 successus,
1502 3707 1628 3759 tum
1678 3698 1856 3759 etiam
1885 3697 2212 3779 ,splendore
2238 3710 2362 3759 Flor.
2382 3725 2419 3758 ι.
2436 3712 2515 3758 ιε.

306 3810 541 3874 pompae
570 3788 848 3851 illustrior
881 3789 1013 3852 fuit.
1096 3790 1266 3853 Nam
1306 3792 1385 3858 ad
1425 3814 1558 3857 eam
1587 3793 1746 3855 diem
1786 3814 1863 3854 ex
1905 3794 2114 3854 vicinis
2151 3803 2214 3853 et

308 3888 662 3968 pauperibus
688 3885 921 3968 populis
964 3888 1353 3969 inapparatu
1396 3890 1674 3971 triumphi
1701 3890 1845 3951 nihil
1873 3890 2077 3961 ferme,
2104 3890 2213 3951 nisi

311 4003 472 4048 arma
497 3983 712 4054 fracta,
757 3991 862 4045 aut
901 3991 1184 4065 carpenta
1215 3984 1494 4056 Gallica;
1540 3987 1600 4046 in
1628 3986 1849 4067 praeda,
1877 3988 1987 4048 nisi
2015 4006 2217 4067 greges

369 4176 403 4228 s
437 4176 696 4241 Argenti.
793 4180 992 4244 ,ροιιάο
1047 4180 1229 4259 decepi]
1308 4196 1410 4248 qne
1433 4182 1619 4233 unciis.
1656 4183 1797 4234 Cret.

313 4242 522 4298 Marsas
554 4250 819 4295 nostrates
842 4250 922 4296 1⁶.
944 4260 1059 4297 cum
1081 4250 1228 4314 quin·

444 4324 620 4392 υιιμι.
644 4332 695 4378 ιι
722 4325 840 4377 νη.
864 4326 996 4379 cm.
1363 4327 1551 4379 ιιοιυ.
2307 4335 2337 4378 ⁶
2373 4330 2413 4379 r
