3025 4892
854 405 1062 455 mam
1114 407 1260 457 xn.
1306 407 1957 464 SUPPLRMEN‘PUM.
2368 402 2539 469 1427

319 560 460 613 sunt
503 553 710 623 litera,
742 561 759 588 ‘
780 561 849 612 ut
884 555 1109 615 omissis
1148 558 1528 638 promentibus
1566 568 1760 621 castra
1798 562 1856 621 in
1892 560 2216 624 Tarentino
2242 584 2512 651 Appianas.

322 668 469 729 agro
495 661 756 730 poneret,
783 659 866 721 et,
888 652 998 711 nisi
1023 652 1098 712 de
1125 653 1305 715 illatis
1328 657 1555 735 injuriis
1576 657 1940 720 satisfaceret
1965 661 2217 742 populus
2240 684 2458 736 Zonm

320 745 696 819 Tarentinae,
723 769 858 808 eum
874 751 1040 828 justo
1062 753 1281 832 pioque
1307 752 1469 813 bello
1494 757 1974 835 persequeretur?

405 852 510 907 11.
551 843 878 916 Tarentini,
930 867 1046 907 non
1089 849 1340 930 amplius
1381 870 1517 911 cnm
1543 853 1748 932 paucis
1798 860 1860 913 et
1902 853 2214 913 inermibus

320 942 677 1014 hominibus,
702 943 809 1003 sed
853 945 1130 1005 instructo
1166 948 1431 1007 exercitu
1470 949 1766 1027 negotium
1797 951 1912 1010 sibi
1953 950 2216 1015 futurum

318 1059 449 1098 eme
474 1049 798 1112 cernentes,
825 1050 1105 1122 tanquam
1131 1062 1208 1103 ex
1233 1043 1509 1104 diuturna
1522 1045 1766 1126 crapula
1789 1048 2213 1129 expergefacti,

308 1138 445 1214 jam
497 1138 648 1197 serio
698 1138 841 1218 quid
894 1138 1229 1199 faciundum
1280 1150 1436 1201 esset
1483 1142 1930 1204 consultabant:
1993 1145 2215 1204 bellum
2241 1154 2512 1220 Appianas.

319 1234 592 1315 accipere
618 1236 1005 1316 periculosum
1028 1258 1045 1306 ;
1091 1237 1377 1319 imperata
1404 1238 1600 1299 facere
1631 1240 1841 1301 servile
1866 1241 2212 1301 videbatur:

320 1350 516 1410 neque
558 1333 733 1392 vitari
773 1341 1079 1414 utrumque
1122 1344 1372 1417 poterat.
1459 1335 1844 1398 Variantibus
1869 1338 2043 1417 igitur
2082 1359 2214 1398 sen·

318 1428 544 1499 tentiiS,
586 1449 901 1509 exsurgens
932 1430 1197 1511 quidam,
1227 1442 1244 1470 ⁶
1267 1432 1434 1500 Quid
1468 1432 1686 1494 frustm
1717 1433 1844 1494 dies
1874 1435 2216 1496 altercando

312 1525 604 1597 terimus,'
646 1527 856 1607 inquit,
910 1537 928 1564 ⁶
945 1527 1296 1590 Tarentini?
1379 1529 1693 1590 Venerunt
1743 1540 2028 1613 tempora,
2080 1552 2214 1612 quae

318 1619 487 1682 facta
522 1624 710 1703 magis
747 1644 926 1705 quam
965 1626 1149 1686 verba
1190 1627 1520 1707 postulent:
1579 1626 1684 1688 sed
1727 1624 1804 1688 ad
1839 1648 1975 1710 quae
2001 1648 2079 1689 ex
2105 1650 2212 1689 usu

318 1719 564 1797 publico
615 1719 1073 1781 administranda
1117 1723 1373 1783 consiliis
1422 1725 1599 1785 rectis
1649 1746 1799 1806 opus
1846 1726 1944 1797 sit,
1998 1734 2063 1786 et
2109 1746 2209 1788 ore

318 1817 527 1877 libero.
612 1815 834 1897 Neque
883 1836 1025 1878 sane
1073 1840 1332 1891 moveor,
1402 1821 1564 1900 quod
1616 1822 1870 1882 antehac
1918 1825 2212 1884 communi

319 1913 579 1993 quodam
631 1914 943 1975 liberarum
993 1917 1297 1976 civitatum
1350 1919 1577 1989 morbo,
1624 1917 1797 1979 dictis
1842 1919 1921 1980 ad
1965 1921 2210 1999 gratiam
2262 1932 2456 1998 Eclogoe
2477 1950 2537 1980 ex

318 2012 681 2091 compositis,
705 2012 930 2072 etiamsi
957 2013 1163 2074 crebro
1203 2024 1501 2086 nocerent,
1546 2016 1685 2075 estis
1726 2016 2044 2079 oblectati:
2086 2029 2212 2078 tum
2241 1998 2444 2114 ξὲῗξίοῐί
2459 1999 2540 2046 lib.

318 2110 501 2179 enim,
529 2117 598 2168 ut
621 2108 692 2169 fit
723 2110 874 2172 inter
897 2132 990 2171 res
1014 2131 1341 2193 prosperas,
1378 2112 1521 2192 quid
1548 2113 1908 2194 potissimum
1934 2116 2212 2195 reipubli-

318 2225 409 2265 cae
434 2206 809 2279 conduceret,
837 2228 1043 2289 parum
1072 2209 1650 2271 animadvertebatiS.
1733 2210 1772 2269 J
1777 2232 1871 2270 am
1914 2221 2112 2272 autem
2152 2214 2213 2273 in

320 2301 541 2362 finibus
579 2305 789 2365 nostris
826 2307 1122 2367 exercitus
1162 2305 1495 2378 Romanus,
1540 2316 1603 2367 et
1641 2317 1778 2368 ante
1821 2309 1977 2390 ipsas
2018 2318 2216 2390 portas

318 2400 551 2460 hostilis
589 2411 772 2461 terror
812 2412 937 2462 est:
995 2424 1068 2463 eo
1109 2404 1383 2483 magistro
1410 2403 1713 2484 profutura
1728 2406 2011 2485 jucundis
2037 2406 2214 2467 facile

317 2498 557 2558 discetis
583 2506 958 2580 anteponere.

400 2601 502 2655 12.
564 2604 583 2631 ‘
614 2594 836 2676 Neque
887 2598 972 2657 sic
1030 2596 1351 2678 accipiatis,
1420 2605 1706 2677 tanquam
1764 2600 2217 2679 exprobraturus

316 2692 616 2772 praeterita
685 2695 1031 2754 surrexerim
1057 2714 1071 2753 ε
1142 2714 1278 2755 nam
1345 2702 1604 2753 veterem
1673 2695 1910 2774 quidem
1979 2695 2216 2776 culpam

316 2790 727 2869 intempestive
753 2792 1035 2870 objicere,
1064 2791 1283 2851 inimici
1316 2797 1378 2850 et
1408 2789 1616 2849 alienis
1639 2791 1926 2851 erroribus
1947 2792 2214 2873 petulan-

313 2895 405 2946 ter
438 2885 773 2947 insultantis
820 2887 996 2947 animi
1043 2896 1171 2948 est:
1216 2887 1382 2968 probi
1426 2887 1534 2946 viri
1576 2895 1641 2947 et
1663 2887 1869 2948 salutis
1891 2891 2218 2957 communis

313 2982 585 3053 studiosi,
628 2993 877 3063 peccata
920 2984 1175 3045 civitatis
1213 2993 1432 3063 tegere,
1483 2995 1589 3044 aut
1633 3006 1914 3046 excusare
1967 2985 2214 3057 malunt,

316 3081 425 3141 nisi
454 3082 689 3161 quoties
717 3081 792 3141 ad
824 3081 1221 3141 calamitatem
1242 3081 1539 3162 publicam
1557 3082 1947 3143 amoliendam
1975 3092 2212 3164 praeter-

314 3179 531 3238 itarum
573 3178 922 3238 offensarum
964 3177 1291 3238 recordatio
1349 3178 1569 3256 grande
1622 3190 1978 3239 momentum
2015 3180 2212 3241 habet.

318 3274 489 3336 Nam
516 3276 594 3335 ab
620 3295 811 3335 errore
836 3274 1075 3355 quidem
1101 3275 1282 3349 omni,
1309 3275 1575 3335 homines
1609 3297 1744 3336 cum
1767 3277 1965 3348 simus,
2007 3277 2213 3338 immu-

315 3394 420 3435 nae
464 3373 671 3432 haberi
716 3372 893 3443 velle,
933 3373 1173 3432 nimium
1215 3379 1277 3432 et
1316 3374 1668 3453 superbum:
1711 3373 1814 3433 sed
1857 3373 1936 3433 ad
1965 3373 2215 3435 eundem

316 3471 576 3552 lapidem
604 3470 806 3530 crebro
830 3470 1172 3551 impingere,
1198 3489 1388 3550 neque
1430 3469 1641 3530 saltem
1676 3480 1887 3532 eventu
1923 3472 2215 3535 temerita-

312 3579 433 3629 tem
459 3568 787 3645 castigante
812 3567 890 3630 ad
916 3567 1248 3627 cautionem
1275 3567 1515 3637 erudiri,
1546 3568 1605 3627 id
1631 3588 1774 3628 vero
1786 3569 1918 3646 jam
1934 3570 2036 3627 vix
2063 3569 2216 3628 bene

312 3666 637 3726 humanum
660 3675 770 3724 est.
852 3664 961 3725 Ad
987 3665 1156 3725 unius
1181 3664 1433 3724 beminis
1462 3684 1668 3725 vocem
1699 3685 1877 3725 naves
1911 3664 2217 3725 Romanas

313 3764 735 3846 depressimus:
780 3782 919 3824 mox
961 3762 1236 3833 Thurios,
1269 3772 1582 3841 cognatam
1614 3772 1867 3840 gentem,
1909 3761 2217 3822 hostilibus

313 3861 464 3925 odiis
514 3861 883 3931 vexavimus,
937 3860 1097 3941 quod
1148 3860 1226 3920 ab
1280 3858 1574 3919 Romanis
1631 3858 1890 3931 defendi,
1946 3881 2126 3939 quam
2180 3879 2217 3918 a

315 3959 574 4019 Lucanis
620 3958 985 4038 Bruttiisque
1029 3957 1205 4038 diripi
1241 3956 1606 4017 maluerunt:
1652 3955 1873 4035 legatos
1906 3955 2214 4016 Romano-

314 4077 439 4117 rum
468 4076 575 4138 per
591 4063 820 4136 turpem
837 4054 998 4115 dictu
1018 4054 1433 4115 contumeliam
1450 4053 1657 4113 violari
1675 4052 1928 4113 tulimus·
1975 4052 2212 4145 Bellum

314 4155 510 4233 igitur,
539 4172 663 4233 quo
687 4172 886 4213 carere
912 4153 1225 4234 potuimus,
1252 4161 1314 4212 et
1346 4172 1525 4231 grave
1561 4150 1807 4221 bellum,
1835 4160 1898 4209 et
1925 4149 2209 4231 periculo-
2236 4173 2365 4224 Flor.
2387 4190 2424 4222 ι,
2459 4178 2539 4224 18.

313 4272 461 4325 sum,
489 4260 553 4312 et
579 4250 978 4330 improvisum,
1006 4249 1358 4311 alienissimo
1391 4257 1653 4330 tempore
1680 4257 1875 4309 nostro
1900 4256 2211 4307 attractum
