3025 4892
1043 397 1192 447 mn.
1245 396 1425 447 xxi.
1472 397 1636 446 cAP.
1679 380 1787 446 16.
2339 380 2513 447 1677

303 543 661 626 thagiuem.
780 541 1045 608 Octavo
1105 551 1412 623 mense,¹'¹
1486 563 1687 628 quam
1750 549 2045 627 coeptum
2108 545 2511 629 oppugnari,

304 658 605 731 captum·
638 647 1029 731 Saguntum,
1090 648 1363 731 quidam
1406 649 1770 732 scripsere:
1831 647 1987 712 iude
2049 647 2510 730 Carthaginem

300 770 559 815 novam
583 751 651 815 in
677 751 971 836 hyberna
1000 749 1457 816 Hannibalem
1490 751 1960 817 concessisset
1994 754 2232 834 quinto
2276 751 2512 817 deinde

299 874 557 931 meuse,
587 873 786 939 quam
814 855 901 919 ab
932 853 1332 937 Carthagine
1368 854 1703 939 profectus
1727 855 1837 931 sit,
1879 856 1948 919 in
1977 855 2245 919 Italiam
2278 876 2513 939 perve-

297 959 510 1022 nisse.
596 955 775 1035 Quae
803 960 860 1022 'si
892 959 986 1022 ita
1016 966 1195 1037 sunt,
1243 958 1386 1023 fieri
1435 976 1567 1022 non
1600 959 1846 1041 potuit,
1894 971 1968 1023 ut
2016 958 2102 1023 P.
2136 958 2508 1040 Cornelius,

297 1060 414 1125 Ti.
446 1061 887 1146 Sempronius
916 1062 1224 1126 consules
1251 1060 1524 1138 suerint,
1555 1060 1639 1125 ad
1673 1079 1846 1144 quos
1888 1069 1959 1125 et
2008 1063 2342 1146 principio
2387 1083 2510 1147 op·

294 1165 728 1248 pugnationis
757 1164 956 1246 legati
987 1163 1337 1247 Saguntini
1366 1164 1562 1229 missi
1594 1164 1746 1243 sint,
1791 1171 1857 1228 et
1887 1165 2094 1248 quiin
2124 1185 2253 1230 suo
2304 1169 2506 1250 magi·

296 1276 521 1334 stratu
565 1286 717 1332 cum
763 1267 1168 1346 Hannibale,
1223 1268 1387 1333 alter
1443 1267 1532 1332 ad
1587 1267 1896 1333 Ticinum
1958 1288 2245 1347 amnem,
2302 1273 2503 1334 ambo

288 1371 638 1456 aliquanto
667 1378 831 1455 post
875 1370 961 1435 ad
997 1370 1336 1449 Trebiam,
1371 1372 1829 1454 pugnaverint.
1918 1369 2059 1436 Aut
2086 1372 2306 1438 omnia
2337 1374 2488 1437 bre·

296 1474 489 1539 viora
515 1475 858 1558 aliquanto
886 1474 1090 1551 fuere,
1120 1480 1234 1538 aut
1261 1474 1636 1555 Saguntum
1668 1475 1998 1559 principio
2029 1476 2213 1553 anni,
2246 1494 2386 1559 quo
2419 1474 2504 1539 P.

297 1576 678 1654 Cornelius,
722 1577 833 1643 Ti.
859 1577 1294 1661 Sempronius
1324 1578 1640 1659 consules
1683 1576 1968 1656 fuerunt,
2018 1597 2151 1642 non
2206 1585 2502 1663 coeptum

298 1682 673 1767 oppugnari
706 1691 832 1759 est,
865 1681 982 1746 sed
1011 1689 1313 1765 captum.
1351 1679 1530 1744 Nam
1554 1681 1935 1746 excessisse
1963 1701 2195 1764 pugna
2223 1682 2310 1747 ad
2341 1682 2507 1747 Tre-

294 1786 483 1850 biam
510 1787 584 1851 in
616 1807 855 1851 anuum
881 1786 1007 1851 Cn.
1027 1785 1295 1850 Servilii
1314 1791 1384 1849 et
1402 1783 1539 1849 C.¹⁸
1561 1784 1883 1850 Flaminii
1907 1804 2042 1849 non
2074 1792 2321 1869 potest,
2348 1787 2506 1870 quia

296 1888 669 1954 Flaminius
690 1889 977 1955 Arimini
1008 1888 1428 1954 consulatum
1452 1888 1626 1961 iniit,
1658 1897 1919 1953 oreatus
1947 1889 2034 1955 ab
2064 1887 2174 1953 Ti.
2196 1887 2503 1974 Sempro-

295 1990 417 2058 nio
447 1995 765 2076 cousule3
809 1995 949 2079 qui,
995 2001 1156 2078 post
1194 2013 1488 2079 pugnam
1541 1992 1626 2059 ad
1679 1993 1996 2060 Trebiam
2046 1993 2136 2058 ad
2175 1994 2505 2059 creandos

293 2098 615 2164 consules
646 2096 934 2164 Romam
963 2118 1118 2162 eum
1146 2098 1468 2176 venisset,
1516 2098 1806 2163 comitiis
1834 2099 2148 2183 perfectis
2191 2097 2280 2162 ad
2310 2116 2502 2162 exer-

291 2200 501 2268 citum
528 2202 599 2266 in
625 2201 924 2287 hyberna
946 2200 1169 2266 rediit.
1202 2199 1213 2212 ⁴

374 2306 489 2371 16.
533 2306 677 2371 Sub
720 2304 894 2370 idem
938 2304 1070 2369 fere
1107 2309 1375 2389 tempus
1404 2313 1471 2371 et
1499 2304 1731 2388 legati,
1761 2306 1876 2389 qui
1906 2305 2238 2370 redierant
2267 2325 2312 2370 a
2340 2302 2500 2369 Car-

290 2407 589 2492 tbagine,
623 2408 912 2474 Romam
940 2408 1326 2489 retulerunt,
1356 2410 1584 2474 omnia
1613 2408 1887 2474 hostilia
1917 2427 2094 2485 esse,
2120 2417 2190 2472 et
2219 2408 2499 2489 Sagunti

291 2503 639 2579 excidium
686 2512 1063 2578 nuntiatum
1112 2517 1255 2575 est:
1301 2518 1662 2597 tantusque
1707 2512 1909 2577 simul
1951 2527 2199 2576 moeror
2244 2509 2498 2587 Patres,

287 2615 882 2701 misericordiaque
928 2617 1263 2681 sociorum
1318 2622 1757 2700 peremturum
1815 2614 2103 2698 indigne,
2156 2620 2223 2679 et
2279 2611 2500 2698 pudor

287 2737 426 2784 non
481 2718 604 2784 lati
655 2718 923 2797 auxilii,
969 2730 1037 2786 et
1080 2720 1180 2784 ira
1231 2720 1300 2785 iu
1352 2718 1955 2802 Carthaginienses,
2007 2727 2360 2801 metusque
2413 2715 2497 2780 de

291 2842 555 2888 summa
584 2843 798 2888 rerum
831 2822 1032 2908 cepit,
1064 2823 1251 2888 velut
1280 2822 1339 2886 si
1359 2822 1507 2908 jam
1538 2821 1626 2887 ad
1656 2829 1892 2907 portas
1922 2820 2141 2886 hostis
2169 2829 2368 2896 esset,
2396 2819 2495 2894 ut,

289 2934 393 2991 tot
437 2944 578 2990 uuo
621 2933 918 3010 tempore
948 2926 1245 2991 motibus
1273 2925 1479 2990 animi
1508 2925 1774 3003 turbati,
1806 2924 2215 3008 trepidarent
2258 2921 2493 3005 magis,

288 3045 494 3114 quam
527 3029 1021 3094 consulerent.¹⁹
1052 3053 1059 3060 ·
1110 3026 1536 3112 Nam-neque
1562 3027 1821 3092 hostem
1862 3028 2183 3093 acriorem
2215 3025 2494 3091 bellico-

288 3133 676 3215 sioremque
726 3152 955 3198 secum
1007 3131 1488 3215 congressum3
1549 3151 1679 3197 nee
1731 3150 1869 3196 rem
1923 3130 2298 3196 Romanam
2353 3137 2493 3194 tam

285 3235 591 3301 desidem
614 3256 903 3322 unquam
933 3236 1143 3300 fuisse
1174 3244 1378 3320 atque
1409 3235 1800 3300 imbellem!
1886 3233 2177 3299 Sardos¹²
2210 3232 2492 3299 Corsos-

345 3428 374 3453 ⁸
410 3421 578 3485 Neque
596 3436 702 3471 cum
724 3419 957 3472 Romanis
975 3421 1441 3482 certassent-tiores,
1463 3424 1512 3469 et
1545 3419 1707 3470 benico
1729 3418 1907 3469 virtute
1925 3419 2286 3483 proeduntiores
2307 3419 2490 3469 hostes.-

285 3501 368 3536 nre
391 3487 631 3536 Romanu
651 3503 857 3551 unquam
873 3490 990 3537 adeo
1011 3487 1187 3538 inertes
1205 3494 1253 3537 ec
1274 3485 1643 3550 igumaefn‘ne
1662 3485 1871 3535 aiebant.

1203 3631 1572 3654 &mmmo

287 3738 412 3849 Vh?
429 3734 635 3851 ἕαῖπεῧ
664 3747 729 3783 ex
762 3735 920 3799 pretio
953 3734 1167 3800 DouJat.
1204 3735 1534 3785 Stroth—18
1568 3735 1628 3784 C.
1667 3732 1769 3781 del.
1812 3731 1965 3782 Grnt.
2001 3729 2234 3780 Gronov.
2272 3730 2489 3794 Doujat.

337 3815 351 3848 ι
392 3833 407 3848 .
487 3815 517 3849 o
546 3834 561 3849 .
638 3813 712 3849 ar.

1277 3915 1494 3966 NOTAE

296 4047 303 4062 .
349 4022 385 4048 ¹·
422 4013 606 4062 Octauo
642 4010 822 4075 mense]
870 4012 1147 4079 Plerisque
1178 4012 1343 4062 Vete-
1424 4027 1518 4061 sex
1574 4024 1774 4059 menses
1819 4022 2057 4059 eversum
2099 4007 2197 4057 hoc
2235 4009 2484 4072 oppidum

291 4107 398 4142 rum
418 4106 538 4142 eum
561 4090 713 4139 Livio
746 4089 1025 4139 convenit:
1061 4089 1343 4140 advenen-
1423 4099 1629 4152 narrn3
1669 4089 1804 4153 quod
1831 4087 2147 4152 probabilius
2169 4086 2296 4140 facit
2328 4092 2486 4154 ipsius

291 4179 373 4219 tur
408 4170 529 4218 hinc
584 4168 786 4230 norm,
828 4167 916 4231 qui
958 4168 1161 4217 nonnisi
1206 4182 1343 4218 nono
1426 4169 1555 4219 Livii
1574 4167 1911 4231 computatio.

290 4261 461 4296 menne
515 4244 749 4295 deditam
804 4243 985 4294 scribit
1024 4246 1341 4308 Saguntum3
1428 4287 1437 4294 .
1484 4253 1511 4280 ¹¹
1545 4244 1747 4309 Sardoa]
1799 4243 2056 4295 Sardinia
2096 4244 2336 4310 populos,
2364 4261 2481 4310 qne

286 4323 403 4374 inde
424 4322 628 4373 Auctor
648 4321 717 4371 de
742 4322 833 4371 vir.
854 4321 1041 4372 illustr.
1076 4322 1166 4387 qui
1204 4321 1341 4372 intra
1423 4335 1527 4372 una
1549 4335 1616 4372 ex
1634 4320 1800 4371 tribus
1816 4320 2092 4384 majoribus
2106 4322 2252 4371 eirca
2271 4321 2481 4374 Italiam
