3025 4892
492 338 665 405 1922
1430 356 1498 405 Τ.
1545 355 1736 405 mvn

493 504 843 569 movebat:
892 521 1297 588 quanquam,
1331 522 1485 587 quae
1510 503 1715 570 facile
1746 522 2008 569 omnem
2037 504 2435 588 patientiam
2465 505 2696 569 vince·

496 613 651 684 rent,
701 605 1172 672 nuntiabantur
1221 626 1265 671 a
1309 604 1628 671 Casilino.
1739 606 1920 672 Nam
1968 612 2056 686 et,
2099 608 2577 692 praecipitasse
2627 628 2699 671 se

495 710 825 793 quosdam
856 729 993 774 non
1024 708 1377 774 tolerantes
1405 708 1675 786 famem,
1707 710 2092 785 constabat,
2111 717 2184 773 et
2206 717 2382 776 stare
2415 709 2702 774 inermes

496 813 563 876 in
611 813 840 890 muris,
884 811 1063 875 nuda
1106 830 1393 895 corpora
1437 809 1524 875 ad
1571 811 1931 877 missilium
1982 812 2260 876 telorum
2310 813 2488 877 ictus
2534 831 2704 897 prae·

496 917 747 980 bentes.
836 914 940 980 Ea
997 934 1170 998 aegre
1220 915 1481 997 patiens
1529 914 1905 993 Gracchus,
1935 933 2089 979 cum
2140 933 2363 1000 neque
2405 934 2702 999 pugnam

499 1038 848 1083 conserere
899 1016 1247 1083 dictatoris
1304 1017 1568 1102 injussu
1620 1016 1916 1095 auderet,
1966 1015 2431 1102 (pugnandum
2477 1026 2701 1084 autem

498 1141 681 1199 esse,
726 1124 785 1186 si
844 1122 1070 1205 palam
1116 1119 1518 1185 frumentum
1562 1121 1973 1205 importaret,
2029 1118 2439 1205 videbat,)¹⁶
2485 1140 2706 1206 neque

499 1225 679 1290 clam
739 1224 1141 1308 importandi
1194 1242 1350 1308 spes
1396 1228 1605 1304 esset,
1655 1224 1851 1300 farre,
1903 1245 1992 1289 ex
2039 1224 2217 1308 agris
2261 1225 2446 1289 circa
2514 1224 2707 1290 undi-

501 1346 633 1411 que
691 1333 1041 1405 convecto,
1097 1345 1246 1391 cum
1304 1326 1649 1409 complura
1691 1326 1871 1392 dolia
1909 1328 2343 1411 complesset,
2401 1328 2704 1392 nuntium

489 1416 589 1493 ⁴ud
654 1429 1108 1511 magistratum
1187 1426 1557 1492 Casilinum
1638 1429 1840 1508 misit,
1898 1438 1976 1494 ut
2052 1430 2443 1514 exciperent
2499 1429 2708 1505 dolia,

502 1551 656 1619 quae
704 1534 916 1598 amnis
964 1533 1266 1598 deferret.
1354 1530 1753 1616 Insequenti
1797 1541 2023 1612 nocte,
2069 1534 2343 1598 intentis
2394 1533 2710 1598 omnibus

502 1639 570 1701 in
598 1636 837 1701 flumen
868 1656 951 1701 ac
981 1654 1168 1720 spem
1213 1635 1301 1700 ab
1335 1636 1569 1699 nuntio
1604 1633 1911 1700 Romano
1960 1635 2234 1713 factam,
2271 1634 2459 1700 dolia
2491 1635 2711 1700 medio

503 1740 715 1802 missa
773 1738 953 1804 amni
985 1737 1494 1803 defluxeruntt⁴
1521 1738 1876 1824 aequaliter
1918 1738 2096 1804 inter
2139 1757 2373 1804 omnes
2425 1739 2710 1804 frumen-

510 1849 648 1905 tum
704 1839 1018 1906 divisum.
1109 1840 1192 1905 ld
1246 1847 1517 1924 postero
1575 1859 1848 1926 quoque
1894 1842 2003 1907 die
2062 1860 2144 1907 ac
2197 1842 2399 1908 tertio
2451 1841 2710 1907 factum

506 1953 636 2009 est.
724 1943 951 2012 Nocte
981 1952 1052 2009 et
1079 1946 1503 2010 mittebantur
1540 1954 1608 2010 et
1638 1945 2112 2028 perveniebant
2132 1963 2152 2008 ε
2172 1952 2223 1996 ¹⁷
2251 1965 2335 2011 eo
2364 1945 2712 2010 custodias

508 2047 802 2112 hostium
858 2047 1207 2114 fallebant.
1314 2046 1658 2111 Imbribus
1729 2046 1966 2112 deinde
2032 2049 2375 2114 coutinuis
2436 2049 2713 2114 citatior

506 2151 709 2222 solito
759 2154 978 2217 amnis
1041 2160 1419 2218 transverso
1470 2149 1723 2216 vortice
1783 2151 1964 2218 dolia
2012 2152 2277 2235 impulit
2327 2151 2416 2215 ad
2478 2153 2712 2234 ripam,

510 2274 716 2340 quam
775 2254 1013 2320 hostes
1078 2254 1461 2321 servabant.
1582 2254 1694 2319 Ibi
1737 2254 2056 2320 haerentia
2101 2254 2271 2319 inter
2321 2254 2578 2319 obnata
2632 2256 2714 2319 ri·

510 2359 622 2442 pis
670 2357 915 2423 salicta
957 2358 1492 2442 conspiciuntur:
1548 2358 2046 2442 nuntiatumque
2076 2356 2452 2423 Hannibali
2494 2366 2624 2439 est,
2652 2365 2717 2424 et

512 2460 756 2526 deinde
788 2462 1140 2525 intentiore
1170 2458 1486 2524 custodia
1517 2465 1813 2537 cautum,
1844 2478 1928 2526 ne
1957 2459 2121 2545 quid
2149 2458 2414 2527 falleret
2433 2459 2715 2527 Vultur-

511 2583 597 2628 no
629 2563 712 2628 ad
747 2564 970 2629 urbem
999 2564 1303 2628 missum.
1392 2560 1633 2627 Nuces
1673 2568 1900 2628 tamen
1941 2562 2117 2628 fusae
2140 2562 2190 2602 ¹⁸
2211 2558 2237 2599 ¹³
2266 2564 2354 2627 ab
2385 2563 2716 2631 Romanis

512 2667 783 2745 castriS,
817 2687 971 2731 cum
1002 2666 1226 2731 medio
1256 2665 1437 2730 amni
1469 2664 1554 2730 ad
1588 2665 1964 2731 Casilinum
1996 2665 2379 2747 defluerent,
2420 2669 2716 2734 cratibus

512 2771 1039 2854 excipiebantur.
1126 2767 1484 2834 Postremo
1516 2767 1601 2833 ad
1633 2767 1704 2832 id
1733 2776 2006 2834 ventum
2037 2770 2287 2856 inopiae
2316 2776 2444 2849 est,
2473 2776 2555 2835 ut
2580 2772 2718 2836 lora

514 2873 984 2958 detractasque
1046 2874 1265 2938 scutis
1317 2872 1559 2956 pelles,
1612 2872 1729 2937 ubi
1785 2871 2038 2937 fervida
2089 2873 2460 2939 mollissent
2521 2894 2715 2959 aqua,

516 2977 827 3042 mandere
877 2983 1291 3053 conarentur,
1333 2992 1455 3039 nec
1498 2974 1803 3039 muribus
1849 2974 2068 3040 aliove
2112 2973 2384 3040 animali
2429 2978 2716 3043 abstine-

515 3089 685 3158 rent,
708 3086 775 3144 et
797 3098 987 3143 omne
1014 3076 1368 3143 herbarum
1398 3076 1835 3161 radicumque
1855 3095 2065 3160 genus
2093 3079 2446 3161 aggeribus
2477 3080 2716 3147 infimis

516 3182 689 3248 muri
719 3189 1065 3262 eruerent3
1097 3187 1187 3259 et,
1216 3201 1370 3246 cum
1403 3180 1634 3245 hostes
1663 3182 2078 3258 obarassant,
2108 3181 2428 3265 quicquid
2461 3182 2715 3251 herbidi

581 3396 609 3431 ὃ
641 3399 855 3449 Devecta
872 3404 985 3448 sunt
1006 3400 1205 3449 secundo
1228 3413 1381 3449 omne.

1439 3524 1794 3544 0000000000000

516 3648 699 3698 dictum
729 3663 760 3698 a
794 3647 1178 3697 dictatore—16
1211 3644 1477 3710 tmportare
1513 3645 1672 3708 vellet,
1709 3643 1894 3694 videret
1927 3643 2062 3695 Edd.
2097 3653 2216 3695 aute
2239 3645 2604 3699 Gronov.—1⁷
2637 3650 2712 3700 Al.

1507 3824 1557 3874 N
1565 3823 1725 3874 0¹1·AE

583 3942 607 3977 Β
644 3942 800 3991 Num
834 3946 994 3990 tamen
1031 3938 1187 4005 [inde]
1217 3938 1375 4002 fam]
1410 3937 1577 3986 Mem·
1659 3951 1777 3985 num
1802 3952 1983 4003 usqne.
2053 3938 2193 3989 Hine
2229 3940 2580 3991 prenestinos
2613 3943 2708 3992 Νι·

519 4023 696 4072 braum
737 4020 927 4068 habent
966 4019 1127 4067 Nuces
1162 4022 1314 4066 tamen
1339 4015 1486 4076 susa,
1524 4014 1577 4065 id
1657 4016 1784 4063 culo·
1806 4014 1978 4066 dictos
2013 4030 2125 4065 esse
2161 4017 2351 4067 Festus
2389 4027 2557 4076 notat,
2582 4020 2706 4083 qnod

521 4107 620 4157 est,
657 4096 886 4161 qttamvis
926 4096 1128 4144 intenta
1163 4104 1302 4143 esset
1342 4092 1582 4143 custodia
1658 4094 1738 4143 hae
1761 4093 1964 4144 illorum
1998 4094 2238 4144 cobortes
2268 4097 2488 4149 Casilini
2509 4100 2704 4149 inclusa

523 4176 821 4228 Poenorum.
866 4172 1189 4221 nihilominus
1244 4184 1403 4220 nuces
1461 4184 1579 4233 pro·
1659 4181 1771 4220 sese
1795 4169 2013 4221 nucibus
2038 4177 2438 4223 sustentassent.

513 4254 675 4317 jeetae
715 4252 765 4300 in
813 4247 1003 4300 flumen
1044 4247 1350 4298 ferebantur
1396 4246 1577 4298 Casili·
