3025 4892
505 352 681 420 1666

506 514 832 579 nitionum
885 509 1048 576 nihil
1095 516 1453 576 cessatum.
1547 507 1796 594 Itaque
1839 505 2059 574 aerius
2099 504 2184 571 de
2220 503 2475 590 integro
2517 505 2709 571 obor-

507 624 648 682 tum
669 624 719 667 ¹⁹
761 623 866 680 est
910 614 1176 691 bellum,
1208 613 1648 698 pluribusque
1697 612 2023 696 partibuS,
2054 612 2178 676 vix
2216 610 2712 695 accipientibus

512 719 918 804 quibusdam
964 737 1169 801 opera
1220 718 1438 795 loci8,†
1486 719 1698 781 vineae
1763 723 2011 801 coeptae
2067 716 2176 799 agi
2235 714 2712 797 admoverique

512 817 731 888 aries.¹
815 819 1225 885 Abundabat
1268 820 1693 886 multitudine
1721 820 2058 884 hominum
2090 818 2389 900 Poeuu83
2439 816 2528 882 ad
2555 834 2716 882 oen-

510 930 652 990 tnm
702 925 877 988 enim
932 924 1410 1007 quinquaginta
1428 929 1484 960 ²⁰
1535 923 1750 987 millia
1793 923 2112 987 habuisse
2162 922 2233 987 in
2284 922 2487 987 armis
2543 920 2714 985 satis

512 1027 851 1095 ereditur.¹
969 1026 1314 1111 Oppidani
1379 1025 1467 1090 ad
1533 1026 1754 1090 omnia
1819 1025 2074 1091 tuenda
2132 1032 2336 1110 atque
2400 1021 2716 1089 obeunda

513 1131 988 1197 multifariam²
1049 1130 1355 1195 distineri
1412 1130 1624 1213 coepti
1681 1135 1853 1194 sunt·
1959 1129 2049 1194 Et
2105 1149 2237 1193 uon
2293 1126 2717 1193 sufficiebant

509 1236 684 1321 (jam
731 1235 906 1298 enim
950 1233 1347 1299 feriebantur
1392 1233 1739 1310 arietibus)
1782 1233 1976 1311 muri,
2017 1236 2498 1317 quassataeque
2540 1228 2718 1294 mul-

514 1346 649 1404 tae³
710 1345 938 1422 partes
1000 1343 1206 1402 erant.
1326 1334 1483 1400 Una
1542 1336 2030 1401 continentibus
2088 1335 2297 1400 ruinis
2344 1333 2720 1398 nudaverat

513 1443 784 1507 urbem:
834 1448 972 1505 tres
1016 1438 1337 1523 deinceps
1380 1445 1618 1517 turrea,
1665 1446 2121 1525 quantumque
2162 1440 2333 1504 inter
2376 1457 2496 1503 eas
2539 1435 2720 1500 muri

516 1549 676 1622 erat,
724 1564 877 1611 eum
926 1543 1181 1626 fragore
1232 1543 1486 1626 ingenti
1537 1541 2001 1627 prociderant:
2061 1551 2467 1626 captumque
2515 1538 2722 1622 oppi-

516 1648 675 1714 dum
736 1667 820 1712 ea
874 1648 1064 1712 ruina
1120 1645 1543 1710 crediderant
1599 1643 1839 1726 Poeni3
1897 1665 2054 1731 qua,
2106 1646 2290 1712 velut
2348 1645 2409 1709 si
2465 1642 2722 1728 pariter

516 1757 838 1836 utrosque
884 1768 1115 1813 murus
1161 1748 1466 1828 texisset,
1495 1749 1594 1813 ita
1636 1748 1966 1833 utrimque
2005 1749 2075 1813 in
2116 1767 2401 1834 pugnam
2445 1763 2723 1831 procur-

1450 363 1522 412 Τ.
1569 362 1762 413 mvn

580 1940 604 1990 l·
641 1937 763 1987 Cum
781 1940 955 1986 mura
976 1934 1181 1985 bomon
1199 1933 1389 1984 nonnisi
1409 1947 1541 1996 ‹eg-re
1556 1938 1827 1999 pateretur,
1847 1938 1904 1984 at
1926 1933 2184 1985 munitores
2202 1931 2570 1998 opulenti-eat.

1432 2076 1798 2101 000000000000

586 2186 650 2232 19
680 2180 821 2231 Flor.
844 2185 902 2230 et
925 2178 1067 2230 Gnd.
1095 2184 1451 2230 comm—2⁰
1470 2181 1591 2232 Vet.
1615 2180 1707 2232 lib.
1729 2179 1869 2246 apud
1886 2179 2062 2245 Sigon.
2078 2181 2144 2230 ad
2162 2184 2348 2230 cenem
2367 2178 2497 2228 enin
2517 2184 2568 2229 et
2587 2179 2728 2243 qain-

517 2248 864 2313 quaginta—1
882 2248 896 2272 ⁸
914 2244 1048 2295 Satis
1066 2247 1292 2303 creditur,
1315 2248 1442 2297 satis
1456 2256 1626 2303 certo,
1646 2262 1745 2297 non
1770 2255 1987 2297 temere.
2019 2246 2148 2300 Voe.
2166 2245 2287 2295 satis
2308 2246 2662 2309 admitterem,
2681 2246 2726 2295 si

519 2317 721 2371 constat,
737 2327 838 2362 non
856 2312 1086 2372 creditur,
1104 2320 1443 2375 sequeretur:
1467 2315 1555 2361 aed
1579 2319 1634 2362 et
1657 2314 1741 2362 vix
1763 2328 1892 2362 unus
1913 2311 2043 2361 liber
2062 2310 2255 2360 babet!
2276 2311 2456 2360 Bauer.
2509 2318 2524 2339 ‘
2544 2310 2730 2361 Habet

520 2379 626 2428 Μ».
645 2378 780 2427 Flor.
798 2384 853 2428 et
874 2378 1101 2440 optimus
1121 2378 1277 2428 CreV.
1301 2376 1533 2441 illudque
1556 2379 1677 2428 sutis
1696 2379 1841 2429 Livio
1863 2377 1917 2428 in
1940 2378 2133 2428 deliciis
2158 2376 2337 2432 fuisse,
2357 2375 2554 2426 docent
2580 2377 2728 2426 an.

521 2444 587 2493 ad
629 2444 680 2492 h.
704 2444 737 2492 Ι.
761 2451 816 2494 et
839 2442 1009 2493 Drak.
1031 2441 1095 2491 ad
1122 2456 1277 2492 xxvr.
1301 2442 1402 2493 51!
1434 2443 1733 2509 Rapum-2
1767 2444 2057 2494 Mammula
2086 2448 2191 2493 arte
2223 2441 2356 2491 Edd.
2395 2450 2519 2490 ante
2557 2442 2733 2492 Drnk.

519 2512 617 2558 —3
652 2511 668 2538 ‘
692 2508 756 2558 In
780 2506 915 2558 Edd-
937 2516 1057 2556 ante
1077 2508 1248 2558 Drnk.
1267 2509 1488 2572 legitur:
1523 2514 1572 2559 et
1593 2523 1686 2558 m
1704 2524 1760 2557 su
1845 2509 1856 2522 ⁹
1882 2508 2022 2558 bant.-
2041 2508 2149 2568 jans
2168 2506 2270 2566 e0f.
2292 2523 2338 2557 α.
2359 2507 2500 2556 muri.
2570 2507 2730 2564 Quas-

518 2579 642 2624 satoe
855 2574 1019 2623 multe
1041 2582 1146 2624 cet.
1208 2576 1225 2602 ⁴
1249 2573 1379 2623 Cum
1414 2573 1681 2638 praecedat
1703 2574 1928 2625 ‹instinct-i
1945 2574 2087 2638 cepti
2105 2579 2235 2636 sant,
2260 2586 2360 2635 ego
2385 2572 2544 2621 verba
2565 2578 2614 2622 et
2633 2587 2732 2623 m

520 2639 817 2705 sufficiebant
841 2654 934 2702 pro
958 2640 1269 2702 glossemate
1293 2639 1487 2690 dudum
1510 2640 1681 2689 habui.
1721 2640 1884 2691 Gron.
1907 2653 2002 2708 per
2027 2639 2258 2701 par-emb.
2281 2637 2425 2700 legit.
2482 2635 2732 2702 Ineptum

521 2720 648 2755 sane
672 2704 912 2766 videtur;
938 2719 1035 2754 nee
1051 2706 1184 2755 enim
1203 2705 1414 2769 dixeris,
1426 2708 1558 2756 muri
1580 2704 1936 2766 sufficiebant;
1961 2718 2075 2761 nee,
2091 2704 2132 2752 si
2158 2703 2320 2754 ariete
2339 2704 2570 2767 quassati
2586 2710 2732 2765 sunt,

521 2771 697 2822 statim
736 2786 841 2822 non
871 2768 1138 2822 suffecere.
1224 2770 1463 2837 Sufficere,
1496 2772 1539 2821 si
1569 2777 1787 2833 rectum,
1808 2770 1874 2821 ad
1897 2770 2124 2821 homines
2161 2769 2339 2833 utique
2373 2766 2732 2832 referendum,

522 2837 611 2900 qui
634 2850 758 2886 sane
782 2851 884 2886 nou
906 2836 1217 2903 sufficiebant,
1231 2837 1273 2885 si
1297 2852 1395 2887 non
1417 2837 1573 2886 armis
1601 2845 1801 2887 tantum
1824 2835 2164 2900 pugnabatur,
2176 2834 2266 2884 sed
2291 2842 2347 2883 et
2370 2835 2503 2883 muri
2526 2836 2730 2899 quatie-

519 2901 727 2952 bantur.
794 2902 1092 2964 opponitur
1113 2901 1181 2962 ei,
1201 2904 1337 2967 qnod
1359 2911 1479 2952 ante
1500 2909 1606 2962 est,
1637 2902 1907 2953 abundabat
1926 2898 2265 2952 multitudine.'
2294 2900 2486 2950 Bauer.
2559 2905 2576 2928 ‘
2597 2900 2732 2950 Vul-

521 2975 642 3028 gata
665 2966 933 3016 distinctio
959 2966 1206 3031 placebat
1226 2967 1382 3016 etiam
1408 2967 1552 3018 Duk.
1576 2968 1666 3034 qni
1688 2976 1884 3028 monet,
1907 2967 2119 3016 verbum
2141 2967 2353 3033 sufficere
2372 2966 2533 3014 etiam
2557 2966 2732 3029 simpl.

521 3032 597 3083 sie
634 3031 756 3096 diei,
791 3038 848 3082 et
886 3032 938 3081 b.
975 3034 1010 3082 l.
1045 3039 1286 3096 spectare
1310 3032 1374 3083 ad
1400 3048 1564 3098 praec.
1608 3035 1672 3084 ad
1692 3033 1847 3084 omnia
1869 3034 2043 3084 menda
2065 3038 2204 3096 atquc
2224 3029 2466 3082 obeunda!
2505 3031 2733 3097 Rupert.

1512 3180 1729 3233 NOTAE

587 3275 601 3310 ¹
631 3275 971 3342 Admovet-ique
985 3277 1132 3342 ‹rr-ies]
1166 3278 1308 3329 Nihil
1326 3278 1466 3329 alind
1483 3277 1585 3330 fuit
1666 3277 1865 3331 trutina
1898 3290 2197 3342 suspensus,
2221 3276 2417 3341 majore
2443 3276 2516 3341 vi,
2537 3285 2736 3330 conatu

521 3354 653 3404 aries
685 3354 934 3404 Veterum
971 3370 1120 3420 qnam
1150 3356 1291 3406 trabs
1320 3372 1583 3422 praegran-
1665 3355 1860 3407 leviore
1895 3355 2193 3406 vibrabatur
2232 3353 2283 3403 in
2315 3367 2508 3411 muros,
2542 3355 2732 3405 multo-

521 3432 621 3492 dis‚
657 3446 773 3496 qna
814 3432 1003 3481 malum
1042 3434 1185 3481 navis
1229 3434 1580 3484 assimilabat=

523 3509 840 3560 solidabatur
879 3510 931 3559 in
964 3511 1139 3573 capite
1175 3512 1319 3573 gravi
1353 3511 1493 3561 ferro
1531 3513 1580 3561 in

523 3587 703 3639 arietis
719 3584 935 3635 formam
952 3603 967 3647 3
990 3586 1128 3636 unde
1145 3595 1201 3637 et
1218 3602 1420 3639 nomen.
1460 3589 1582 3640 Ori-

522 3667 695 3732 ginem
714 3664 864 3728 liujus
880 3664 1092 3714 muralis
1111 3666 1361 3715 machina
1382 3666 1582 3716 Plinius

522 3742 588 3793 ad
621 3741 833 3793 amco·
867 3747 925 3791 et
957 3754 1144 3804 equum
1174 3741 1474 3804 Trojanum,
1493 3741 1584 3790 'Vi-

521 3830 605 3871 trn
613 3821 723 3869 vius
739 3818 802 3868 ad
814 3819 1002 3882 Tyrios
1021 3832 1113 3868 sen
1131 3817 1586 3882 Carthaginienses

520 3896 773 3948 referunt.
842 3895 963 3945 Fuit
987 3903 1162 3945 autem
1189 3895 1405 3964 triplicis
1429 3909 1586 3958 gene·

520 3974 592 4025 ris
627 3974 789 4024 ariesz
834 3972 963 4021 alius
1000 3971 1155 4026 rudis,
1180 3973 1382 4037 qualem
1406 3973 1584 4023 Vitru-

521 4052 634 4101 vius
656 4049 926 4112 describit,
943 4050 1028 4113 qui
1053 4049 1259 4099 scilicet
1277 4049 1508 4100 manibus
1531 4057 1587 4100 et

524 4128 735 4179 lacertis
770 4126 1050 4177 validorum
1076 4126 1336 4177 hominum
1365 4128 1584 4178 sustine·

523 4206 678 4256 batur
698 4210 755 4253 et
778 4201 1063 4273 agebatur:
1097 4203 1414 4267 compositus
1438 4204 1589 4268 alius,

528 4281 615 4347 qni
661 4294 729 4331 ex
769 4281 935 4332 altera
982 4279 1133 4331 trabe
1174 4280 1384 4334 funibus
1427 4282 1589 4337 veluti

1662 3449 1774 3484 rum
1798 3434 2062 3486 manibus:
2084 3432 2219 3497 quod
2244 3427 2732 3484 exterminatori-m

1663 3515 2082 3578 instrumentum,
2106 3520 2167 3565 ut
2199 3520 2352 3563 vocat
2382 3514 2583 3564 Paulus
2606 3514 2732 3565 Dia·

1666 3607 1843 3657 conns,
1886 3592 2051 3642 vineis
2093 3592 2394 3655 plerumque
2430 3597 2631 3641 tectum
2675 3599 2735 3641 et

1665 3683 1888 3732 superne
1911 3668 2054 3719 corio
2075 3667 2329 3717 munitum
2351 3673 2492 3729 erat,
2512 3668 2580 3717 ad
2601 3667 2736 3717 mili-

1667 3752 1776 3796 tum
1808 3744 1933 3794 illud
1969 3743 2341 3808 impellentium
2374 3743 2736 3808 machinaque

1665 3822 1829 3887 ipsius
1867 3823 2117 3873 tutelam:
2160 3820 2374 3870 tertium
2409 3834 2573 3885 genus
2605 3819 2734 3885 fuit,

1667 3900 1807 3966 qnod
1864 3898 2176 3950 testudinem
2233 3896 2528 3946 arietariam
2582 3912 2737 3948 voea-

1668 3977 1815 4034 bant.
1873 3991 1994 4027 eum
2041 3974 2242 4026 scilieet
2287 3974 2571 4038 testudine,
2612 3991 2736 4040 qna

1666 4054 1794 4105 rotis
1827 4052 2100 4118 agebatur,
2130 4065 2408 4115 suspensus
2441 4065 2505 4101 ac
2542 4060 2736 4110 tectus,

1667 4132 1804 4181 illius
1844 4137 1993 4180 tanta
2030 4129 2108 4179 vis
2147 4137 2281 4185 erat,
2314 4133 2375 4178 ut
2412 4141 2510 4178 nec
2544 4137 2740 4187 turres,

1667 4221 1768 4259 nee
1809 4207 2000 4257 monia
2043 4206 2146 4255 ulla
2189 4203 2280 4254 diu
2329 4203 2578 4255 adversus
2616 4206 2735 4271 ejus

1671 4285 1919 4339 machinae
1942 4283 2196 4350 impetum
2216 4289 2358 4335 stare
2382 4288 2615 4350 possent.
