3025 4892
510 347 686 416 1610
1464 365 1533 417 τ.
1580 366 1772 416 mvn

834 509 1039 571 consul
1081 507 1392 580 animatus,
1418 529 1554 571 cum
1590 521 1653 571 et
1672 520 1877 593 suopte
1903 509 2140 590 ingenio
2165 510 2410 592 impiger
2432 518 2494 572 et
2517 508 2597 572 ad
2638 531 2734 573 res

834 607 1117 687 gerendas
1155 607 1432 668 incitatus
1454 618 1628 679 esset,
1657 607 1941 690 Drepana
1962 608 2237 689 operibus
2259 607 2434 669 factis
2457 608 2732 670 obsedit:

834 715 1024 785 neque
1063 724 1136 765 eo
1174 704 1407 783 segnius
1432 704 1510 764 ad
1535 705 1804 785 praelium
1831 704 2065 778 navale,
2090 702 2251 785 quod
2286 704 2500 765 instare
2523 706 2734 786 praevi·

832 800 1038 873 debat,
1062 800 1392 861 classiarios
1415 801 1629 861 milites
1654 801 1919 882 quotidie
1943 802 2231 873 exercuit,
2257 822 2331 862 eo
2353 822 2644 874 suoceoeu,
2666 811 2736 862 ut

831 915 980 976 quos
1017 896 1191 958 rudes
1227 898 1350 959 fere
1389 899 1811 959 maritimorum
1842 918 2084 958 casuum
2124 897 2479 970 adduxerat,
2506 900 2550 959 ii
2586 901 2734 960 satis

818 994 954 1072 jam
994 994 1073 1054 ad
1112 994 1421 1075 quodlibet
1452 994 1764 1057 discrimen
1799 995 2015 1056 eruditi
2039 995 2349 1076 paratique
2374 996 2728 1058 viderentur.

509 1090 678 1145 zonat.
831 1088 1001 1150 Inter
1039 1091 1189 1165 haec,
1216 1112 1353 1153 cum
1393 1092 1531 1152 urbs
1573 1091 1985 1174 Drepanitano
2022 1101 2178 1154 terra
2209 1094 2473 1172 marique
2497 1113 2728 1174 oppug-

829 1197 1085 1261 naretur,
1125 1190 1374 1269 jamque
1441 1189 1588 1248 muri
1640 1199 1806 1270 parte
1855 1188 2091 1269 dejecta
2143 1209 2233 1249 res
2290 1188 2610 1250 Poenorum
2667 1190 2728 1249 in

506 1289 806 1343 Οιοιιιιο.
826 1301 1054 1345 stimmo
1094 1286 1355 1367 periculo
1378 1295 1554 1357 esset,
1580 1285 1805 1357 consul,
1831 1286 1973 1347 dum
2005 1287 2156 1347 inter
2189 1285 2469 1368 primores
2491 1294 2730 1346 strenue

825 1400 1084 1460 pugnam
1127 1383 1267 1456 ciet,
1315 1403 1492 1462 grave
1538 1383 1751 1445 vulnus
1794 1383 1856 1443 in
1896 1383 2118 1443 femore
2165 1384 2429 1464 accepit:
2479 1384 2728 1463 ejoeqoe

824 1477 1088 1557 periculo
1128 1479 1525 1559 perterrefacti
1551 1480 1788 1552 milites,
1813 1489 1877 1542 et
1899 1480 1978 1541 ad
2002 1480 2265 1541 saucium
2290 1489 2726 1553 concurrentes,

825 1570 1020 1633 locum
1034 1576 1169 1653 jam
1195 1596 1362 1657 paene
1386 1587 1628 1658 captum
1652 1577 1917 1638 omisere.

904 1676 1004 1732 55.
1047 1670 1336 1733 Nondum
1376 1694 1547 1734 usum
1585 1674 1752 1756 pedis
1781 1681 2104 1756 receperat,
2128 1693 2266 1733 cum
2292 1673 2553 1734 maxima
2577 1670 2724 1734 Ρω-

497 1740 683 1857 {²12³}
688 1810 768 1859 2.
824 1783 1027 1828 norum
1071 1768 1273 1831 classis
1316 1771 1521 1832 adesse
1562 1773 1879 1832 nuntiatur.
1982 1770 2053 1832 N
2055 1790 2195 1832 aves
2236 1779 2405 1832 erant
2441 1768 2724 1850 quadrin-

497 1868 801 1937 Po.15b1..60
821 1873 1034 1943 gentae,
1058 1865 1287 1927 refertae
1323 1879 1654 1929 commeatu
1695 1888 1872 1949 quem
1911 1867 1989 1928 ad
2024 1868 2349 1929 exercitum
2381 1867 2723 1948 portabant,

818 1962 1002 2041 copiis
1043 1972 1324 2044 praeterea
1366 1964 1620 2025 militum
1664 1966 2015 2047 permagnis,
2061 1983 2468 2044 armorumque
2511 1973 2575 2024 et
2619 1983 2722 2044 pe-

815 2058 1007 2118 cuniae
1047 2060 1406 2141 amplissimo
1443 2080 1705 2124 numero.
1789 2061 2050 2123 Summae
2089 2081 2280 2122 rerum
2316 2059 2547 2122 Hanno
2569 2079 2723 2141 prc-

815 2164 964 2226 erat,
1015 2157 1231 2218 nobilis
1285 2157 1544 2219 Poenus:
1599 2159 1700 2219 hic
1751 2177 1966 2239 magno
2015 2157 2212 2219 studio
2255 2158 2318 2218 id
2369 2158 2609 2237 agebat,
2656 2163 2724 2214 ΙΙ*

818 2250 1076 2333 Erycem
1099 2255 1380 2335 appulsus
1414 2276 1590 2316 onere
1618 2256 1847 2318 levatas
1879 2276 2060 2317 naves
2084 2255 2345 2336 acceptis
2367 2255 2449 2316 ab
2475 2251 2722 2314 Hamil·

814 2365 949 2408 care
992 2351 1237 2412 strenuis
1272 2352 1411 2413 viris
1450 2352 1795 2435 compleret,
1822 2362 2001 2434 atque
2043 2353 2128 2414 sic
2167 2350 2384 2412 deinde
2417 2370 2554 2412 cum
2587 2348 2722 2412 Ro-

813 2464 990 2507 mana
1039 2448 1226 2509 classe
1281 2449 1638 2529 confligeret.
1749 2450 2033 2511 Ceterum
2088 2457 2439 2530 conceptum
2497 2448 2723 2529 optime

811 2544 1120 2605 consilium
1162 2545 1243 2608 O.
1270 2546 1496 2607 Lutatii
1537 2546 1793 2608 consulis
1813 2547 2237 2627 circumspecta
2266 2544 2579 2654 prudentia
2602 2544 2724 2606 fre·

812 2641 920 2718 git.
1005 2640 1073 2704 Is
1108 2645 1266 2705 euim
1307 2644 1616 2705 victoriam
1659 2645 1720 2704 in
1746 2664 1819 2704 eo
1843 2644 2160 2705 consistere
2183 2651 2482 2723 reputans,
2508 2639 2559 2701 si
2585 2661 2722 2702 cum

518 2735 612 2786 Liv
580 2753 741 2788 ιιιι
723 2755 787 2791 ιι.
809 2736 997 2798 classe
1038 2741 1204 2818 gravi
1239 2740 1472 2822 suisque
1513 2742 1897 2822 apparatibus
1936 2738 2221 2822 impedita
2243 2737 2722 2818 cong-roderetur,

485 2806 623 2916 ἔξω
807 2843 946 2895 ante
986 2835 1143 2895 diem
1182 2837 1507 2898 v1.1dus³
1557 2837 1832 2912 Martias,
1875 2846 2131 2898 assumto
2171 2837 2233 2897 in
2274 2855 2457 2896 naves
2493 2835 2723 2916 optimo

486 2928 554 2979 D·
556 2934 639 2981 0⁶·
809 2950 1042 3011 quoque
1083 2933 1355 3006 militum,
1398 2935 1525 2995 αεὶ*
1556 2935 1811 3015 AEgates
1849 2935 2089 3007 insulas,
2129 2942 2337 2994 contra
2382 2932 2721 3014 Lilybaeom

795 3026 1092 3102 jacentes,
1131 3051 1484 3111 progressus,
1528 3031 1897 3093 Hannonem
1939 3034 2018 3093 ab
2061 3031 2438 3093 Hierouueso
2480 3029 2724 3090 venien-

805 3130 926 3183 tem
985 3128 1335 3207 conspexitt
1397 3138 1522 3189 tum
1577 3130 1994 3209 gubernatores
2042 3128 2378 3208 militesque
2427 3126 2717 3197 hortatus,

483 3226 591 3278 Liv.
806 3237 1062 3299 pugnam
1088 3222 1147 3284 in
1173 3223 1332 3286 diem
1356 3235 1698 3306 sequentem
1725 3226 1965 3287 indixit.

481 3323 654 3389 Polyb.
889 3323 989 3379 56.
1034 3319 1319 3382 Ceterum
1369 3330 1501 3382 orta
1550 3322 1709 3395 luce,
1758 3341 1985 3382 rursum
2034 3320 2313 3400 ambigua
2359 3316 2716 3380 consultatio

546 3411 553 3428 ¹
802 3411 954 3474 fnitz
1001 3416 1163 3495 quod
1203 3427 1410 3480 ventus
1452 3418 1608 3482 hosti
1654 3418 1879 3490 favens,
1930 3417 2225 3479 Romanus
2266 3416 2550 3477 adversus
2587 3434 2712 3474 sur·

804 3521 1071 3572 rexerat:
1116 3534 1298 3594 quare
1312 3516 1565 3594 jactatis
1587 3517 1878 3596 utrimque
1903 3514 2215 3576 momentis
2235 3513 2554 3582 rationum,
2573 3529 2709 3571 cum

802 3608 999 3667 ventis
1021 3618 1084 3669 et
1110 3609 1419 3673 Hannone
1445 3612 1574 3673 solo
1599 3632 1860 3694 pugnare
1884 3612 2131 3674 classem
2157 3619 2428 3670 onustam
2455 3608 2706 3669 habente

802 3705 986 3766 satius
1024 3707 1234 3780 visum,
1262 3729 1441 3789 quam
1481 3711 1838 3791 permittere,
1866 3718 1936 3771 nt
1973 3708 2099 3781 ille,
2131 3708 2380 3769 navibus
2403 3725 2584 3767 onere
2624 3703 2706 3764 le·

799 3802 971 3875 vatis,
989 3802 1191 3864 florem
1209 3805 1493 3887 pedestris
1502 3806 1758 3880 militiae,
1776 3807 2085 3889 ipsumque
2101 3805 2254 3866 adeo
2269 3802 2699 3870 Hamilcarem.

797 3919 915 3978 quo
942 3901 1087 3960 nihil
1114 3923 1187 3963 eo
1210 3912 1477 3985 tempore
1502 3903 1937 3968 formidabilius
1953 3904 2304 3973 habebatur,
2328 3902 2389 3961 in
2405 3909 2697 3962 certamen

795 3994 1135 4060 adduceret.
1207 3999 1422 4080 Itaque
1446 4003 1779 4083 conspectis
1801 4002 2055 4063 hostium
2080 3999 2353 4071 navibus,
2372 4018 2510 4079 quae
2529 3995 2698 4078 pleno

865 4200 896 4246 8
931 4195 1017 4246 Ita
1039 4198 1196 4248 Crev.
1216 4214 1281 4249 ex
1307 4200 1526 4264 Eutrop·
1578 4198 1718 4250 Edd.
1741 4201 1942 4268 priores
1960 4204 2072 4250 sate
2092 4199 2219 4249 dien
2245 4196 2369 4249 VII.
2394 4196 2524 4243 Idas.

865 4265 896 4312 4
932 4260 995 4312 lo
1017 4262 1136 4314 edd.
1157 4273 1280 4315 ants
1303 4265 1457 4316 Crev.
1475 4267 1541 4315 sd
1562 4264 1730 4316 abest.
