3025 4892
472 371 646 439 1492
1124 445 1130 454 ,
1430 389 1499 438 r.
1547 386 1740 438 mvn

477 544 618 595 Oros.
640 559 714 599 ιν.
733 551 781 596 s.
885 537 945 594 2.
991 530 1182 612 Igitur
1211 530 1279 593 L.
1309 531 1601 604 Genucio,
1645 532 1747 612 qui
1777 552 1912 593 cum
1938 527 2013 594 C.
2043 531 2294 600 Quintio
2317 529 2686 592 consulatum

797 651 872 691 eo
898 651 1050 691 anno
1063 641 1104 666 ¹·
1144 631 1402 710 gerebat,
1439 628 1720 690 mandata
1744 639 1834 690 est
1857 628 2039 691 ultio:
2080 628 2508 709 compulsisque
2534 630 2689 688 intra

795 730 1010 788 moenia
1035 727 1428 809 perduellibus
1453 727 1590 787 urbs
1614 728 1869 789 obsessa.
1939 726 2061 788 Sed
2104 726 2219 787 illis
2264 746 2398 786 suas
2436 733 2499 785 et
2542 725 2682 785 Ma-

476 834 646 900 Polyb.
798 825 1170 885 mer-tinorum
1195 826 1346 885 vires
1370 845 1488 885 non
1513 825 1802 884 instrenue
1827 823 2276 906 opponentibus,
2304 842 2439 883 cum
2463 816 2682 882 incom-

798 921 975 982 moda
999 921 1271 1001 quaedam
1297 942 1499 1006 passus
1538 920 1743 982 consul
1782 922 1961 981 etiam
2002 940 2188 980 rerum
2230 919 2685 979 necessariarum

474 1032 641 1081 zonat.
798 1020 1040 1097 penuria
1064 1017 1375 1090 laboraret,
1404 1019 1481 1078 ab
1509 1016 1798 1088 Hierone,
1833 1019 1935 1097 qui
1960 1016 2268 1099 Syracusis
2293 1016 2683 1097 principatum

795 1115 1124 1186 obtinebat,
1176 1115 1468 1176 frumento
1518 1124 1581 1175 et
1626 1115 1812 1175 milite
1860 1114 2099 1194 adjutus
2148 1122 2256 1174 est.
2352 1110 2481 1173 Hic
2525 1113 2687 1173 enim

797 1210 1168 1273 Mamertinis
1213 1212 1487 1284 infensus,
1545 1213 1726 1272 etiam
1776 1212 1964 1271 socios
2012 1231 2210 1271 eorum
2252 1208 2551 1288 Rhegium
2592 1219 2682 1268 te-

794 1318 998 1368 nentes
1020 1307 1256 1371 oderat:
1285 1310 1655 1369 incrementis
1678 1328 1911 1388 quoque
1940 1306 2369 1377 Romanorum,
2397 1317 2465 1365 ut
2483 1325 2683 1366 eorum

795 1404 1016 1465 animos
1059 1406 1136 1465 ad
1172 1425 1338 1467 usum
1378 1405 1744 1485 sequentium
1791 1413 2118 1486 temporum
2158 1400 2463 1463 beneficiis
2505 1422 2680 1462 occu-

472 1514 769 1580 Liv.Ep.xv.
795 1510 982 1581 paret,
1019 1504 1382 1565 movebatur.
1463 1501 1567 1562 Sic
1594 1501 1672 1563 ad
1697 1509 2023 1562 extremum
2048 1500 2126 1562 ad
2150 1499 2509 1560 deditionem
2539 1500 2682 1560 urbe

474 1612 644 1664 zonat.
795 1608 1004 1659 coacta
1048 1599 1434 1661 Mamertinos
1480 1599 1653 1659 certis
1690 1597 2118 1659 conditionibus
2155 1599 2420 1658 astrictos
2462 1595 2685 1657 dimisit

470 1709 612 1765 Oros.
795 1696 1032 1757 consul:
1084 1696 1356 1779 perfugas
1398 1706 1461 1757 et
1510 1696 1787 1766 latrones,
1839 1716 2084 1775 quorum
2133 1693 2305 1756 multi
2357 1692 2678 1772 Rhegium,

795 1792 959 1854 velut
984 1794 1061 1853 ad
1089 1793 1316 1876 asylum
1343 1802 1774 1864 concurrerant,
1817 1790 2017 1852 affecit
2054 1791 2376 1873 supplicio:
2420 1790 2677 1869 legiona-

795 1890 910 1952 rios
943 1901 1137 1953 autem
1173 1892 1386 1953 milites
1431 1890 1684 1952 abduxit
1713 1889 1996 1962 Romam,
2038 1899 2106 1950 ut
2149 1889 2225 1950 de
2274 1888 2413 1970 ipsis
2445 1896 2684 1948 senatus

794 1999 1093 2052 statueret.

505 2105 616 2153 ναι.
637 2104 773 2154 Max.
874 2095 937 2149 3.
977 2087 1264 2167 Magnum
1291 2084 1426 2147 inde
1443 2085 1694 2169 publicae
1704 2084 2032 2146 severitatis
2045 2083 2381 2167 exemplum
2398 2081 2677 2163 sequitur.

473 2186 537 2217 ¹¹·
553 2176 602 2223 ⁷·
627 2175 703 2221 ¹⁵·
796 2184 1049 2251 Senatus
1072 2186 1318 2270 primum
1342 2205 1565 2257 omnes,
1603 2184 1706 2264 qui
1732 2181 1972 2243 adducti
1999 2202 2038 2242 a
2061 2180 2300 2242 consule
2326 2180 2579 2250 fuerant,
2616 2183 2677 2240 in

792 2302 1083 2344 carcerem
1107 2283 1283 2343 condi
1309 2284 1507 2363 jussit,
1550 2290 1617 2341 ut
1656 2280 1791 2340 inde
1829 2280 1906 2339 ad
1932 2277 2281 2361 supplicium
2307 2279 2520 2359 capitis
2545 2299 2678 2359 pro-

792 2388 1100 2441 merentur.
1201 2379 1435 2440 Deinde
1462 2399 1596 2439 cum
1618 2378 2029 2438 intercessisset
2053 2363 2551 2436 senatusconsulto
2574 2376 2677 2435 tri-

792 2476 979 2538 bunus
1028 2477 1218 2559 plebis
1262 2477 1355 2538 M.
1401 2475 1649 2536 Fulvius
1702 2473 1977 2545 Flaccus,
2028 2472 2399 2542 denuntians,
2444 2483 2461 2508 ‘
2502 2492 2574 2532 ne
2618 2473 2675 2532 in

789 2577 988 2655 capita
1027 2575 1243 2636 civium
1269 2573 1676 2634 Romanorum
1708 2569 1984 2631 adversus
2018 2569 2177 2648 leges
2216 2578 2278 2629 et
2309 2589 2528 2631 morem
2552 2590 2676 2629 ma-
2732 2625 2735 2628 ,

779 2676 978 2753 jorurn
1031 2670 1587 2732 animadverteretur
1603 2669 1644 2738 ς’
1702 2666 2032 2728 constantia
2076 2666 2329 2726 Patrum
2380 2665 2676 2726 tribunicii

788 2770 1072 2830 clamores
1088 2769 1266 2849 spreti
1284 2777 1439 2838 sunt,
1465 2765 1928 2847 suppliciumque
1947 2762 2024 2824 de
2043 2763 2387 2824 nocentibus
2400 2772 2673 2825 sumtum.

792 2864 896 2925 Ne
942 2873 1134 2925 tamen
1178 2864 1398 2925 invidia
1441 2862 1586 2923 facti
1626 2871 1751 2922 tam
1793 2861 2012 2932 acerbi,
2055 2859 2360 2942 plebisque
2403 2861 2676 2923 moestitia

789 2962 1018 3040 gravior
1043 2958 1213 3030 foret,
1251 2962 1300 3019 si
1327 2968 1496 3020 tanta
1517 2959 1819 3019 hominum
1842 2956 2156 3019 multitudo
2179 2956 2386 3018 eodem
2411 2966 2673 3039 tempore

789 3055 1237 3126 interficeretur,
1220 3078 1236 3093 ·
1296 3055 1538 3135 singulis
1574 3053 1783 3115 diebus
1833 3055 2258 3134 quinquaginta
2309 3053 2471 3116 ducti
2517 3064 2672 3126 sunt,

470 3172 507 3220 F
507 3180 629 3222 rm
634 3170 761 3220 sm.
788 3174 936 3234 quos
960 3153 1138 3232 virgis
1161 3173 1343 3214 caesos
1365 3152 1551 3213 securi
1577 3159 1996 3262 percusserunt.
2067 3149 2319 3212 Senatus
2342 3151 2520 3212 etiam
2542 3171 2671 3213 cor-

463 3244 704 3368 Xgpiv'l
599 3317 762 3367 ΜΨ
787 3271 930 3333 pora
968 3250 1221 3332 sepeliri,
1264 3259 1623 3330 mortemque
1663 3249 2009 3328 cujusquam
2034 3268 2230 3309 eorum
2258 3247 2439 3328 lugeri
2465 3250 2671 3310 vetnit.

469 3369 510 3417 v
516 3370 632 3417 alea.
789 3350 1012 3410 Decius
1035 3348 1352 3420 Jubellius,
1393 3349 1495 3429 qui
1536 3347 1614 3408 ad
1655 3368 1788 3409 eam
1821 3368 2002 3428 usque
2041 3346 2199 3410 diem
2223 3348 2409 3410 oculis
2432 3351 2551 3410 suis
2574 3372 2671 3411 su-

786 3456 1004 3528 perstes
1020 3448 1269 3518 vixerat,
1286 3455 1354 3506 ut
1367 3448 1586 3525 majore
1605 3465 1739 3506 cum
1763 3444 1966 3506 dolore
1990 3455 2325 3518 moreretur,
2353 3447 2412 3506 in
2435 3467 2670 3509 carcere

459 3558 766 3607 maxum.
787 3563 993 3604 manus
1038 3543 1154 3604 sibi
1207 3543 1423 3604 attulit.
1519 3542 1735 3602 Plures
1775 3551 2040 3603 auctores
2077 3552 2331 3615 secutus,
2380 3543 2671 3623 legionem

465 3628 547 3673 ²⁸·
785 3649 992 3712 totam,
1021 3640 1315 3702 hominum
1342 3639 1532 3699 millia
1553 3648 1823 3720 quatuor,
1850 3639 2065 3700 Romae
2090 3641 2149 3700 in
2175 3640 2303 3702 foro
2326 3642 2512 3702 securi
2538 3663 2668 3723 per-

465 3749 637 3816 Polyb.
657 3767 693 3802 1.
712 3755 763 3802 7.
782 3757 951 3800 cussa
974 3735 1166 3798 retuli.
1233 3735 1353 3797 Sed
1379 3738 1571 3798 verius
1593 3746 1737 3817 puto
1758 3735 1917 3817 quod
1942 3757 1981 3797 a
2005 3737 2271 3819 Polybio
2293 3738 2565 3812 traditur,
2590 3761 2668 3801 ex

781 3854 857 3894 ea
880 3833 1108 3914 legione
1126 3834 1293 3896 vivos
1318 3834 1378 3894 in
1397 3819 1745 3915 potestatem
1769 3833 1993 3894 venisse
2011 3833 2323 3895 admodum
2350 3843 2665 3898 trecentus:

783 3931 1066 4010 reliquum
1083 3950 1403 4002 numerum,
1421 3929 1563 3990 dum
1582 3931 1718 3991 urbs
1731 3932 1981 4012 capitur,
2006 3931 2277 3993 ferociter
2291 3934 2666 4014 repugnando

780 4025 931 4089 caedi
983 4027 1289 4096 maluisse;
1348 4047 1463 4088 non
1518 4028 1730 4105 ignaris
1768 4029 2055 4100 omnibus,
2109 4039 2243 4111 post
2278 4030 2501 4091 delicta
2541 4041 2664 4094 tam

781 4124 1040 4188 enormia
1079 4124 1222 4185 nihil
1263 4143 1340 4185 ex
1372 4122 1667 4184 deditione
1699 4123 1884 4197 aliud,
1925 4146 2102 4207 quam
2132 4126 2328 4209 plures
2349 4129 2662 4201 cruciatus,

1325 4284 1361 4310 ¹·
1394 4275 1459 4330 Α.
1488 4277 1556 4328 υ.
1578 4247 1639 4329 b.
1663 4282 1774 4331 481.
1812 4277 1877 4332 Α.
1902 4280 1963 4333 e.
1986 4284 2099 4333 271.
