3025 4892
899 353 1102 405 mam
1155 356 1288 406 xv.
1336 355 1982 407 surususuruu.
2377 341 2545 408 1493

324 510 690 581 mortemque
712 499 978 579 graviore
1001 519 1136 561 cum
1160 500 1477 580 ignominia
1499 501 1903 580 conjunctam,
1919 501 2221 582 expectari

324 619 516 679 μω.
606 597 767 657 Urbs
807 595 1090 676 Rhegina
1115 598 1402 678 prioribus
1432 595 1660 667 incolis,
1702 595 1861 676 quod
1904 617 2102 658 eorum
2127 617 2221 657 us-
2267 614 2480 679 Appia.
2496 623 2549 664 et

322 715 508 775 quam
523 694 762 776 reperiri
778 694 1155 775 conquirique
1173 703 1424 775 poterat,
1442 714 1576 754 cum
1593 693 1862 754 libertate
1879 680 2311 775 legibusquezo
2264 694 2397 797 13¹?
2387 714 2497 794 {x

321 793 467 863 suis,
501 791 734 852 reddita
756 799 862 852 est.
934 789 1080 852 Hoc
1094 791 1342 871 justitias
1369 789 1625 871 fideique
1650 788 2062 851 documentum
2087 789 2219 852 Ro-
2240 815 2326 862 ῃ.

323 908 518 950 manae
543 888 800 951 civitatis
822 888 1313 949 existimationem
1338 888 1578 968 largiter
1602 888 1801 948 auxit:
1830 907 2019 968 neque
2033 888 2224 950 minus

323 987 544 1046 amoris
568 1006 641 1045 eo
664 984 847 1056 facto,
868 1004 1049 1065 quam
1073 1006 1177 1067 per
1204 1005 1366 1047 arma
1384 993 1594 1057 metus,
1616 984 1776 1066 apud
1804 983 2052 1046 Italicos
2074 986 2220 1048 vici-

323 1103 550 1165 nosque
577 1083 823 1165 populos
853 1083 1179 1163 quaesitum.
2118 1073 2123 1078 ’

406 1188 469 1241 4.
514 1180 591 1241 C.
617 1179 829 1241 deinde
855 1179 1134 1252 Genucii,
1162 1179 1278 1242 Cn.
1306 1179 1572 1241 Cornelii
1595 1180 1973 1242 consulatus·
1996 1181 2219 1242 bellum
2313 1180 2321 1194 ”

322 1298 463 1338 cum
489 1278 884 1338 Sarsinatibus
908 1277 1134 1339 habuit.
1191 1277 1551 1338 Umbrorum
1571 1297 1646 1338 ea
1663 1277 2216 1360 genaApenninum
2274 1287 2444 1354 Polyb.
2477 1304 2539 1341 n.

325 1374 724 1445 incolentium,
768 1375 980 1455 quibus
1020 1374 1214 1435 causis
1248 1375 1308 1435 in
1355 1394 1519 1436 arma
1555 1374 1734 1436 fuerit
1775 1384 1931 1448 acta,
1983 1395 2218 1457 quaque
2239 1356 2321 1406 ¹⁶·

322 1492 429 1552 spe
471 1470 826 1532 formidabili
849 1475 985 1553 jam
1008 1471 1413 1533 Romanorum
1452 1472 1732 1554 potentiae
1771 1492 1834 1533 se
1862 1473 2217 1555 opposuerit,

319 1568 630 1629 silentibus
652 1570 995 1650 scriptorum
1018 1568 1301 1650 reliquiis,
1327 1567 1588 1630 divinare
1613 1589 1729 1630 non
1754 1570 1943 1651 potui.
2011 1568 2221 1630 Totius

322 1667 508 1727 etiam
548 1664 692 1726 belli
737 1666 915 1727 series
957 1666 1189 1748 penitus
1223 1664 1540 1737 intercidit,
1584 1666 1848 1746 nihilque
1889 1666 1968 1728 ad
2009 1686 2115 1727 nos
2138 1686 2217 1727 ex

322 1762 506 1824 veteri
549 1783 740 1823 rerum
780 1763 1020 1824 istarum
1057 1763 1337 1824 memoria
1375 1763 1664 1844 pervenit,
1706 1764 1817 1824 nisi
1845 1762 2004 1844 quod
2033 1783 2071 1823 a
2097 1762 2217 1824 Gn.
2240 1770 2373 1822 Fufi
2382 1770 2547 1837 Capit.

325 1858 606 1922 Cornelio
631 1860 708 1922 de
735 1859 1136 1921 Sarsinatibus
1173 1860 1593 1941 triumphatum
1618 1869 1727 1921 est.
1813 1860 2213 1942 Asperrimam
2235 1869 2403 1919 zonat.

321 1957 416 2019 his
438 1957 776 2019 consulibus
798 1958 1075 2038 hyemem
1100 1957 1276 2018 fuisse
1308 1955 1525 2019 Romae
1565 1957 1835 2047 traditur,
1875 1967 1944 2018 ut
1983 1958 2219 2018 arbores

322 2065 587 2117 emortuo
611 2075 792 2116 succo
813 2055 1090 2127 aruerint,
1125 2053 1358 2116 Tiberis
1386 2052 1570 2115 densa
1610 2054 1800 2133 glacie
1834 2055 2214 2126 concreverit,

311 2152 589 2229 jumenta
612 2161 676 2211 et
708 2150 1006 2233 pecudes
989 2152 1188 2234 mopia
1227 2150 1429 2233 pabuli
1451 2151 1893 2213 contabuerint.
1936 2161 2215 2233 tantaque
2240 2160 2341 2275 cAu
2313 2176 2393 2225 u.g
2423 2160 2491 2208 de

322 2246 435 2308 fuit
462 2247 837 2309 inclementia
864 2247 1019 2319 coeli,
1061 2257 1129 2310 ut
1169 2247 1228 2310 in
1267 2248 1397 2310 foro
1423 2247 1702 2310 Romano
1726 2250 1889 2310 nives
1912 2225 2282 2309 homndaec
2243 2307 2329 2342 n
2282 2225 2495 2341 ηιξλή*

323 2343 653 2406 altitudinis
671 2365 774 2426 per
798 2343 924 2405 dies
949 2344 1339 2425 quadraginta
1362 2346 1669 2407 continuos
1697 2344 2056 2408 duraverint.

401 2447 462 2502 ὃ.
506 2439 640 2501 Res
665 2441 965 2513 inusitata,
1009 2451 1076 2502 ut
1116 2441 1207 2513 fit,
1245 2461 1283 2503 a
1324 2442 1523 2503 multis
1546 2441 1796 2523 prodigii
1833 2443 1966 2504 loco
1989 2441 2216 2511 habita,

321 2538 654 2600 vehementi
691 2547 905 2599 terrore
945 2539 1246 2600 hominum
1274 2540 1499 2599 animos
1524 2538 1866 2620 percelluit:
1910 2537 2221 2598 intentiore

324 2636 521 2696 statim
563 2643 746 2707 metu,
789 2655 925 2695 cum
960 2635 1043 2702 Q.
1074 2635 1338 2715 Ogulnio
1385 2634 1592 2706 Gallo,
1637 2635 1712 2696 G.
1744 2634 1935 2695 Fabio
1973 2633 2219 2694 Pictore

323 2732 726 2810 magistratum
753 2732 1020 2810 ingressis
1034 2741 1058 2768 ⁰
1097 2731 1283 2794 multa
1321 2740 1692 2794 cernerentur
1732 2739 1984 2803 ostenta,
2030 2728 2218 2790 multa

324 2827 739 2888 nuntiarentur.
823 2826 1041 2890 Rmnae
1065 2829 1219 2889 enim
1236 2828 1392 2890 oedes
1418 2828 1664 2900 Salutis,
1688 2838 1751 2889 et
1775 2848 1908 2910 pars
1932 2828 2081 2888 muri
2106 2827 2215 2887 sub
2237 2835 2373 2885 Oros.
2398 2850 2469 2888 xv.
2491 2841 2549 2887 ⁴.

323 2924 530 2986 eodem
556 2923 712 2995 loco,
754 2923 832 2986 de
859 2924 1009 2988 coelo
1033 2934 1230 2987 tacta:
1274 2925 1399 3008 lupi
1437 2935 1556 2987 tres
1599 2935 1734 2986 ante
1778 2924 1971 2988 lucem
2016 2924 2221 2985 urbem

323 3021 561 3102 ingressi
587 3041 873 3082 semesum
897 3022 1152 3083 cadaver
1178 3021 1525 3094 intulerunt,
1556 3022 2039 3103 membratimque
2062 3020 2223 3082 lace-

321 3127 511 3179 ratum
538 3118 602 3180 in
626 3117 773 3190 foro,
802 3119 916 3200 ipsi
938 3120 1182 3201 strepitu
1207 3119 1507 3182 hominum
1529 3119 1822 3190 exterriti,
1842 3118 2220 3199 reliquerunt.

323 3214 576 3276 Formi‘m
615 3216 828 3276 moenia
867 3214 1113 3278 fulmine
1165 3217 1380 3298 saepius
1415 3216 1536 3277 icta
1579 3216 1946 3296 disjectaque
1989 3215 2219 3276 nuntia-

319 3311 569 3372 bantur:
613 3312 758 3372 etin
786 3331 928 3392 agro
955 3312 1187 3375 Caleno
1211 3312 1458 3374 diducta
1481 3322 1720 3395 repente
1747 3321 1902 3373 terra
1923 3309 2223 3372 flammam

319 3408 578 3489 erupisse
622 3406 862 3479 alatam,
911 3430 1044 3489 quae
1085 3410 1280 3471 triduo
1319 3418 1446 3469 toto
1486 3407 1740 3489 flagrans
1783 3409 2042 3489 quinque
2096 3407 2221 3487 agri

312 3504 530 3583 jugera
554 3525 738 3585 usque
767 3505 827 3565 in
853 3506 1108 3567 cinerem
1135 3507 1439 3578 exusserit,
1482 3516 1554 3567 ut
1590 3526 1705 3567 non
1731 3504 1906 3566 modo
1932 3502 2127 3584 fruges
2150 3523 2222 3563 eo

322 3598 456 3661 loco
499 3610 751 3672 cunctae,
805 3602 908 3663 sed
960 3604 1141 3665 etiam
1192 3605 1428 3665 arbores
1477 3602 1757 3665 radicitus
1809 3608 2217 3662 emorerentur.

328 3696 485 3759 Plus
507 3718 585 3758 ea
611 3719 701 3761 res
726 3699 949 3764 timoris
968 3699 1210 3774 Romae,
1231 3719 1412 3781 quam
1433 3699 1794 3762 calamitatis
1812 3697 2045 3763 attulit:
2076 3696 2219 3756 nihil

327 3794 479 3854 enim
504 3813 857 3878 magnopere
898 3805 1272 3858 consecutum
1303 3806 1413 3868 est,
1459 3796 1571 3857 nisi
1601 3793 1759 3875 quod
1792 3793 2016 3855 bellum
2040 3813 2079 3853 a
2106 3791 2218 3852 Pi-

329 3891 593 3953 centibus
615 3901 831 3965 ortnm,
859 3913 1126 3975 annoque
1151 3902 1428 3976 sequente
1453 3890 1807 3964 confectum,
1832 3911 1963 3951 eam
1985 3910 2220 3972 quoque
2240 3909 2375 3962 Eun·
2393 3909 2464 3961 1³

335 3989 621 4066 regionem
650 3988 946 4052 Romane.
971 3989 1179 4052 ditioni
1206 3989 1443 4071 adjecit.
2240 4039 2331 4088 Liv
2335 4039 2404 4088 E
2457 4049 2496 4090 t

407 4092 471 4149 6.
503 4085 785 4148 Interea
769 4108 827 4148 ιιι
856 4089 998 4150 urbe
1020 4087 1285 4169 signandi
1310 4088 1536 4168 argenti
1564 4086 1812 4168 primum
1834 4086 2062 4146 initium
2085 4082 2218 4156 fuit,
2244 4120 2315 4153 xv
2403 4041 2496 4106 Pi

397 4244 2130 4301 ¹·...A110482Aw0270wAUc‘188A0269
