<?xml version="1.0" encoding="UTF-8"?>
<!DOCTYPE html PUBLIC "-//W3C//DTD XHTML 1.0 Transitional//EN"
    "http://www.w3.org/TR/xhtml1/DTD/xhtml1-transitional.dtd">
<html xmlns="http://www.w3.org/1999/xhtml" xml:lang="en" lang="en">
 <head>
  <title>
</title>
<meta http-equiv="Content-Type" content="text/html;charset=utf-8" />
  <meta name='ocr-system' content='tesseract 3.04.00' />
  <meta name='ocr-capabilities' content='ocr_page ocr_carea ocr_par ocr_line ocrx_word'/>
</head>
<body>
  <div class='ocr_page' id='page_1' title='image "./tliviipatavinih04unkngoog_0023.png"; bbox 0 0 3025 4892; ppageno 0'>
   <div class='ocr_carea' id='block_1_1' title="bbox 1330 407 1502 475">
    <p class='ocr_par' dir='ltr' id='par_1_1' title="bbox 1330 407 1502 475">
     <span class='ocr_line' id='line_1_1' title="bbox 1330 407 1502 475; baseline 0.012 -2"><span class='ocrx_word' id='word_1_1' title='bbox 1330 407 1502 475; x_wconf 77' lang='lat'>1403</span> 
     </span>
    </p>
   </div>
   <div class='ocr_carea' id='block_1_2' title="bbox 893 766 1944 1073">
    <p class='ocr_par' dir='ltr' id='par_1_2' title="bbox 893 766 1944 1073">
     <span class='ocr_line' id='line_1_2' title="bbox 893 766 1944 889; baseline 0.002 -15"><span class='ocrx_word' id='word_1_2' title='bbox 893 766 1004 874; x_wconf 87' lang='grc' dir='ltr'><strong><em>Μ</em></strong></span> <span class='ocrx_word' id='word_1_3' title='bbox 1076 782 1170 875; x_wconf 90' lang='lat' dir='ltr'>O</span> <span class='ocrx_word' id='word_1_4' title='bbox 1239 785 1341 874; x_wconf 94' lang='lat' dir='ltr'>N</span> <span class='ocrx_word' id='word_1_5' title='bbox 1406 786 1458 889; x_wconf 79' lang='lat' dir='ltr'>I</span> <span class='ocrx_word' id='word_1_6' title='bbox 1521 786 1609 875; x_wconf 93' lang='lat' dir='ltr'>T</span> <span class='ocrx_word' id='word_1_7' title='bbox 1672 787 1762 878; x_wconf 90' lang='lat' dir='ltr'>U</span> <span class='ocrx_word' id='word_1_8' title='bbox 1833 788 1944 876; x_wconf 92' lang='lat' dir='ltr'><strong>M</strong></span> 
     </span>
     <span class='ocr_line' id='line_1_3' title="bbox 1121 1004 1724 1073; baseline -0.005 0"><span class='ocrx_word' id='word_1_9' title='bbox 1121 1004 1724 1073; x_wconf 76' lang='lat' dir='ltr'>anvmnn.</span> 
     </span>
    </p>
   </div>
   <div class='ocr_carea' id='block_1_3' title="bbox 334 1201 2510 1286">
    <p class='ocr_par' dir='ltr' id='par_1_3' title="bbox 334 1201 2510 1286">
     <span class='ocr_line' id='line_1_4' title="bbox 334 1201 2510 1286; baseline -0.003 -23"><span class='ocrx_word' id='word_1_10' title='bbox 334 1201 582 1267; x_wconf 70' lang='lat' dir='ltr'>Aulcss</span> <span class='ocrx_word' id='word_1_11' title='bbox 620 1204 823 1278; x_wconf 80' lang='lat' dir='ltr'>lector,</span> <span class='ocrx_word' id='word_1_12' title='bbox 849 1224 967 1286; x_wconf 89' lang='lat' dir='ltr'>quo</span> <span class='ocrx_word' id='word_1_13' title='bbox 989 1205 1218 1265; x_wconf 85' lang='lat' dir='ltr'>facilius</span> <span class='ocrx_word' id='word_1_14' title='bbox 1241 1206 1571 1265; x_wconf 79' lang='lat' dir='ltr'>Auctorum</span> <span class='ocrx_word' id='word_1_15' title='bbox 1604 1205 1662 1263; x_wconf 94' lang='lat' dir='ltr'>in</span> <span class='ocrx_word' id='word_1_16' title='bbox 1688 1225 1792 1265; x_wconf 87' lang='lat' dir='ltr'>ora</span> <span class='ocrx_word' id='word_1_17' title='bbox 1818 1204 1949 1263; x_wconf 87' lang='lat' dir='ltr'>libri</span> <span class='ocrx_word' id='word_1_18' title='bbox 1989 1203 2085 1263; x_wconf 86' lang='lat' dir='ltr'>hie</span> <span class='ocrx_word' id='word_1_19' title='bbox 2128 1201 2510 1281; x_wconf 80' lang='lat' dir='ltr'>allegatorum</span> 
     </span>
    </p>
   </div>
   <div class='ocr_carea' id='block_1_4' title="bbox 222 1297 2513 1385">
    <p class='ocr_par' dir='ltr' id='par_1_4' title="bbox 222 1297 2513 1385">
     <span class='ocr_line' id='line_1_5' title="bbox 222 1297 2513 1385; baseline -0.003 -22"><span class='ocrx_word' id='word_1_20' title='bbox 222 1310 229 1325; x_wconf 87' lang='lat'>&#39;</span> <span class='ocrx_word' id='word_1_21' title='bbox 334 1302 663 1363; x_wconf 66' lang='lat' dir='ltr'>testimonia</span> <span class='ocrx_word' id='word_1_22' title='bbox 684 1303 887 1385; x_wconf 59' lang='lat' dir='ltr'>posis,</span> <span class='ocrx_word' id='word_1_23' title='bbox 911 1303 961 1363; x_wconf 81' lang='lat' dir='ltr'>si</span> <span class='ocrx_word' id='word_1_24' title='bbox 985 1302 1209 1363; x_wconf 85' lang='lat' dir='ltr'>animus</span> <span class='ocrx_word' id='word_1_25' title='bbox 1233 1300 1402 1373; x_wconf 80' lang='lat' dir='ltr'>ferat,</span> <span class='ocrx_word' id='word_1_26' title='bbox 1428 1321 1564 1361; x_wconf 86' lang='lat' dir='ltr'>eum</span> <span class='ocrx_word' id='word_1_27' title='bbox 1605 1301 1744 1381; x_wconf 81' lang='lat' dir='ltr'>ipsis</span> <span class='ocrx_word' id='word_1_28' title='bbox 1778 1299 2039 1362; x_wconf 86' lang='lat' dir='ltr'>eonferre</span> <span class='ocrx_word' id='word_1_29' title='bbox 2080 1297 2359 1369; x_wconf 79' lang='lat' dir='ltr'>fontibus,</span> <span class='ocrx_word' id='word_1_30' title='bbox 2384 1297 2513 1357; x_wconf 76' lang='lat' dir='ltr'>haec</span> 
     </span>
    </p>
   </div>
   <div class='ocr_carea' id='block_1_5' title="bbox 336 1397 2590 3007">
    <p class='ocr_par' dir='ltr' id='par_1_5' title="bbox 337 1397 819 1462">
     <span class='ocr_line' id='line_1_6' title="bbox 337 1397 819 1462; baseline 0.012 -6"><span class='ocrx_word' id='word_1_31' title='bbox 337 1397 607 1459; x_wconf 79' lang='lat' dir='ltr'>observes</span> <span class='ocrx_word' id='word_1_32' title='bbox 620 1399 819 1462; x_wconf 80' lang='lat' dir='ltr'>velim.</span> 
     </span>
    </p>

    <p class='ocr_par' dir='ltr' id='par_1_6' title="bbox 336 1490 2518 1866">
     <span class='ocr_line' id='line_1_7' title="bbox 419 1490 2508 1575; baseline -0.001 -23"><span class='ocrx_word' id='word_1_33' title='bbox 419 1510 467 1556; x_wconf 88' lang='lat'>1.</span> <span class='ocrx_word' id='word_1_34' title='bbox 511 1494 813 1556; x_wconf 83' lang='lat' dir='ltr'>Numerus</span> <span class='ocrx_word' id='word_1_35' title='bbox 844 1495 1154 1555; x_wconf 85' lang='lat' dir='ltr'>Romanus</span> <span class='ocrx_word' id='word_1_36' title='bbox 1191 1513 1415 1575; x_wconf 88' lang='lat' dir='ltr'>semper</span> <span class='ocrx_word' id='word_1_37' title='bbox 1457 1501 1627 1554; x_wconf 89' lang='lat' dir='ltr'>notat</span> <span class='ocrx_word' id='word_1_38' title='bbox 1667 1492 1901 1563; x_wconf 88' lang='lat' dir='ltr'>librum,</span> <span class='ocrx_word' id='word_1_39' title='bbox 1942 1494 2038 1553; x_wconf 82' lang='lat' dir='ltr'>vel</span> <span class='ocrx_word' id='word_1_40' title='bbox 2076 1494 2357 1571; x_wconf 86' lang='lat' dir='ltr'>majorem</span> <span class='ocrx_word' id='word_1_41' title='bbox 2401 1490 2508 1550; x_wconf 85' lang='lat' dir='ltr'>ali-</span> 
     </span>
     <span class='ocr_line' id='line_1_8' title="bbox 336 1588 2512 1673; baseline -0.001 -24"><span class='ocrx_word' id='word_1_42' title='bbox 336 1609 513 1669; x_wconf 89' lang='lat' dir='ltr'>quam</span> <span class='ocrx_word' id='word_1_43' title='bbox 560 1591 899 1655; x_wconf 80' lang='lat' dir='ltr'>divisionem</span> <span class='ocrx_word' id='word_1_44' title='bbox 947 1593 1171 1673; x_wconf 87' lang='lat' dir='ltr'>operis;</span> <span class='ocrx_word' id='word_1_45' title='bbox 1242 1613 1511 1652; x_wconf 83' lang='lat' dir='ltr'>numerus</span> <span class='ocrx_word' id='word_1_46' title='bbox 1565 1589 1864 1649; x_wconf 83' lang='lat' dir='ltr'>Arabicus</span> <span class='ocrx_word' id='word_1_47' title='bbox 1914 1589 2164 1648; x_wconf 86' lang='lat' dir='ltr'>minutas</span> <span class='ocrx_word' id='word_1_48' title='bbox 2211 1588 2512 1648; x_wconf 75' lang='lat' dir='ltr'><strong>sectiones.</strong></span> 
     </span>
     <span class='ocr_line' id='line_1_9' title="bbox 341 1682 2518 1770; baseline -0.002 -25"><span class='ocrx_word' id='word_1_49' title='bbox 341 1684 440 1745; x_wconf 79' lang='lat' dir='ltr'>Sic</span> <span class='ocrx_word' id='word_1_50' title='bbox 476 1688 578 1747; x_wconf 85' lang='lat' dir='ltr'>ubi</span> <span class='ocrx_word' id='word_1_51' title='bbox 617 1690 830 1770; x_wconf 87' lang='lat' dir='ltr'>reperis</span> <span class='ocrx_word' id='word_1_52' title='bbox 870 1689 1447 1750; x_wconf 80' lang='lat' dir='ltr'>Liv.xxv111.2s.</span> <span class='ocrx_word' id='word_1_53' title='bbox 1490 1686 1754 1765; x_wconf 74' lang='lat' dir='ltr'>intellige</span> <span class='ocrx_word' id='word_1_54' title='bbox 1794 1685 2036 1765; x_wconf 79' lang='lat' dir='ltr'>allegari</span> <span class='ocrx_word' id='word_1_55' title='bbox 2074 1683 2328 1754; x_wconf 83' lang='lat' dir='ltr'>Livium,</span> <span class='ocrx_word' id='word_1_56' title='bbox 2370 1682 2518 1742; x_wconf 88' lang='lat' dir='ltr'>libro</span> 
     </span>
     <span class='ocr_line' id='line_1_10' title="bbox 339 1782 1882 1866; baseline -0.001 -22"><span class='ocrx_word' id='word_1_57' title='bbox 339 1782 616 1861; x_wconf 78' lang='lat' dir='ltr'>vigesimo</span> <span class='ocrx_word' id='word_1_58' title='bbox 639 1794 871 1854; x_wconf 82' lang='lat' dir='ltr'>octavo,</span> <span class='ocrx_word' id='word_1_59' title='bbox 896 1786 1090 1866; x_wconf 85' lang='lat' dir='ltr'>eapite</span> <span class='ocrx_word' id='word_1_60' title='bbox 1115 1784 1318 1845; x_wconf 88' lang='lat' dir='ltr'>itidem</span> <span class='ocrx_word' id='word_1_61' title='bbox 1344 1785 1626 1863; x_wconf 75' lang='lat' dir='ltr'>vigesimo</span> <span class='ocrx_word' id='word_1_62' title='bbox 1649 1792 1882 1845; x_wconf 81' lang='lat' dir='ltr'>octavo.</span> 
     </span>
    </p>

    <p class='ocr_par' dir='ltr' id='par_1_7' title="bbox 342 1874 2540 2455">
     <span class='ocr_line' id='line_1_11' title="bbox 346 1874 2520 1961; baseline 0.001 -23"><span class='ocrx_word' id='word_1_63' title='bbox 346 1874 353 1881; x_wconf 78' lang='grc'>’</span> <span class='ocrx_word' id='word_1_64' title='bbox 421 1895 502 1940; x_wconf 90' lang='lat'>11.</span> <span class='ocrx_word' id='word_1_65' title='bbox 566 1880 691 1940; x_wconf 87' lang='lat' dir='ltr'>Ubi</span> <span class='ocrx_word' id='word_1_66' title='bbox 732 1878 950 1942; x_wconf 90' lang='lat' dir='ltr'>nudum</span> <span class='ocrx_word' id='word_1_67' title='bbox 990 1900 1200 1942; x_wconf 90' lang='lat' dir='ltr'>nomen</span> <span class='ocrx_word' id='word_1_68' title='bbox 1242 1881 1492 1961; x_wconf 85' lang='lat' dir='ltr'>alicujus</span> <span class='ocrx_word' id='word_1_69' title='bbox 1536 1878 1828 1959; x_wconf 86' lang='lat' dir='ltr'>scriptoris</span> <span class='ocrx_word' id='word_1_70' title='bbox 1867 1898 2200 1960; x_wconf 83' lang='lat' dir='ltr'>expressum</span> <span class='ocrx_word' id='word_1_71' title='bbox 2241 1892 2350 1953; x_wconf 85' lang='lat' dir='ltr'>est,</span> <span class='ocrx_word' id='word_1_72' title='bbox 2405 1902 2520 1940; x_wconf 89' lang='lat' dir='ltr'>non</span> 
     </span>
     <span class='ocr_line' id='line_1_12' title="bbox 343 1974 2540 2059; baseline 0.002 -25"><span class='ocrx_word' id='word_1_73' title='bbox 343 1974 600 2036; x_wconf 80' lang='lat' dir='ltr'>indicata</span> <span class='ocrx_word' id='word_1_74' title='bbox 639 1986 803 2058; x_wconf 83' lang='lat' dir='ltr'>parte</span> <span class='ocrx_word' id='word_1_75' title='bbox 842 1979 1031 2058; x_wconf 87' lang='lat' dir='ltr'>operis</span> <span class='ocrx_word' id='word_1_76' title='bbox 1071 1978 1128 2038; x_wconf 90' lang='lat' dir='ltr'>in</span> <span class='ocrx_word' id='word_1_77' title='bbox 1153 1999 1287 2059; x_wconf 74' lang='lat' dir='ltr'>¹qua</span> <span class='ocrx_word' id='word_1_78' title='bbox 1329 1978 1652 2059; x_wconf 76' lang='lat' dir='ltr'>reperiatur</span> <span class='ocrx_word' id='word_1_79' title='bbox 1682 1976 1744 2036; x_wconf 89' lang='lat' dir='ltr'>id</span> <span class='ocrx_word' id='word_1_80' title='bbox 1785 1978 1953 2056; x_wconf 81' lang='lat' dir='ltr'>eujus</span> <span class='ocrx_word' id='word_1_81' title='bbox 1977 1976 2077 2037; x_wconf 88' lang='lat' dir='ltr'>ille</span> <span class='ocrx_word' id='word_1_82' title='bbox 2103 1979 2264 2038; x_wconf 85' lang='lat' dir='ltr'>testis</span> <span class='ocrx_word' id='word_1_83' title='bbox 2287 1979 2540 2049; x_wconf 54' lang='lat' dir='ltr'>citatum·</span> 
     </span>
     <span class='ocr_line' id='line_1_13' title="bbox 342 2073 2522 2155; baseline 0.001 -22"><span class='ocrx_word' id='word_1_84' title='bbox 342 2073 744 2134; x_wconf 75' lang='lat' dir='ltr'>recurrendum</span> <span class='ocrx_word' id='word_1_85' title='bbox 769 2084 857 2134; x_wconf 85' lang='lat' dir='ltr'>est</span> <span class='ocrx_word' id='word_1_86' title='bbox 881 2073 957 2133; x_wconf 87' lang='lat' dir='ltr'>ad</span> <span class='ocrx_word' id='word_1_87' title='bbox 988 2074 1305 2155; x_wconf 77' lang='lat' dir='ltr'>superiora,</span> <span class='ocrx_word' id='word_1_88' title='bbox 1331 2073 1521 2134; x_wconf 89' lang='lat' dir='ltr'>donec</span> <span class='ocrx_word' id='word_1_89' title='bbox 1549 2073 1654 2133; x_wconf 88' lang='lat' dir='ltr'>tibi</span> <span class='ocrx_word' id='word_1_90' title='bbox 1681 2080 1948 2133; x_wconf 82' lang='lat' dir='ltr'>ooeurrat</span> <span class='ocrx_word' id='word_1_91' title='bbox 1964 2092 2099 2132; x_wconf 84' lang='lat' dir='ltr'>eum</span> <span class='ocrx_word' id='word_1_92' title='bbox 2126 2076 2358 2135; x_wconf 91' lang='lat' dir='ltr'>nomine</span> <span class='ocrx_word' id='word_1_93' title='bbox 2383 2095 2522 2135; x_wconf 85' lang='lat' dir='ltr'>aue-</span> 
     </span>
     <span class='ocr_line' id='line_1_14' title="bbox 342 2168 2523 2251; baseline 0.001 -22"><span class='ocrx_word' id='word_1_94' title='bbox 342 2171 482 2229; x_wconf 81' lang='lat' dir='ltr'>toris</span> <span class='ocrx_word' id='word_1_95' title='bbox 520 2171 723 2230; x_wconf 62' lang='lat' dir='ltr'>etiam*</span> <span class='ocrx_word' id='word_1_96' title='bbox 739 2169 872 2229; x_wconf 87' lang='lat' dir='ltr'>libri</span> <span class='ocrx_word' id='word_1_97' title='bbox 910 2168 1004 2230; x_wconf 82' lang='lat' dir='ltr'>vel</span> <span class='ocrx_word' id='word_1_98' title='bbox 1047 2171 1235 2251; x_wconf 86' lang='lat' dir='ltr'>operis</span> <span class='ocrx_word' id='word_1_99' title='bbox 1267 2178 1425 2230; x_wconf 85' lang='lat' dir='ltr'>nota.</span> <span class='ocrx_word' id='word_1_100' title='bbox 1509 2170 1774 2229; x_wconf 86' lang='lat' dir='ltr'>Zonaras</span> <span class='ocrx_word' id='word_1_101' title='bbox 1812 2178 2008 2229; x_wconf 84' lang='lat' dir='ltr'>tamen</span> <span class='ocrx_word' id='word_1_102' title='bbox 2043 2170 2258 2249; x_wconf 90' lang='lat' dir='ltr'>ubique</span> <span class='ocrx_word' id='word_1_103' title='bbox 2300 2170 2418 2230; x_wconf 79' lang='lat' dir='ltr'>fere</span> <span class='ocrx_word' id='word_1_104' title='bbox 2442 2173 2523 2232; x_wconf 86' lang='lat' dir='ltr'>sic</span> 
     </span>
     <span class='ocr_line' id='line_1_15' title="bbox 343 2264 2524 2348; baseline 0.001 -23"><span class='ocrx_word' id='word_1_105' title='bbox 343 2267 495 2326; x_wconf 86' lang='lat' dir='ltr'>nude</span> <span class='ocrx_word' id='word_1_106' title='bbox 532 2268 880 2338; x_wconf 83' lang='lat' dir='ltr'>nominatur,</span> <span class='ocrx_word' id='word_1_107' title='bbox 921 2268 1062 2347; x_wconf 89' lang='lat' dir='ltr'>quia</span> <span class='ocrx_word' id='word_1_108' title='bbox 1086 2287 1164 2327; x_wconf 84' lang='lat' dir='ltr'>ex</span> <span class='ocrx_word' id='word_1_109' title='bbox 1205 2268 1332 2348; x_wconf 85' lang='lat' dir='ltr'>ipsa</span> <span class='ocrx_word' id='word_1_110' title='bbox 1375 2267 1653 2338; x_wconf 80' lang='lat' dir='ltr'>historiae,</span> <span class='ocrx_word' id='word_1_111' title='bbox 1696 2284 1872 2346; x_wconf 87' lang='lat' dir='ltr'>quam</span> <span class='ocrx_word' id='word_1_112' title='bbox 1900 2264 1999 2325; x_wconf 88' lang='lat' dir='ltr'>ille</span> <span class='ocrx_word' id='word_1_113' title='bbox 2024 2276 2362 2347; x_wconf 87' lang='lat' dir='ltr'>perpetuam</span> <span class='ocrx_word' id='word_1_114' title='bbox 2387 2289 2524 2328; x_wconf 87' lang='lat' dir='ltr'>eon-</span> 
     </span>
     <span class='ocr_line' id='line_1_16' title="bbox 342 2361 2527 2455; baseline 0.002 -34"><span class='ocrx_word' id='word_1_115' title='bbox 342 2363 555 2433; x_wconf 83' lang='lat' dir='ltr'>texnit,</span> <span class='ocrx_word' id='word_1_116' title='bbox 591 2364 737 2422; x_wconf 86' lang='lat' dir='ltr'>serie</span> <span class='ocrx_word' id='word_1_117' title='bbox 776 2362 950 2423; x_wconf 80' lang='lat' dir='ltr'>facile</span> <span class='ocrx_word' id='word_1_118' title='bbox 992 2362 1330 2455; x_wconf 64' lang='lat' dir='ltr'>intelligitur</span> <span class='ocrx_word' id='word_1_119' title='bbox 1372 2362 1534 2424; x_wconf 86' lang='lat' dir='ltr'>loeus</span> <span class='ocrx_word' id='word_1_120' title='bbox 1572 2363 1649 2423; x_wconf 89' lang='lat' dir='ltr'>ad</span> <span class='ocrx_word' id='word_1_121' title='bbox 1691 2382 1863 2441; x_wconf 90' lang='lat' dir='ltr'>quem</span> <span class='ocrx_word' id='word_1_122' title='bbox 1907 2361 2103 2422; x_wconf 83' lang='lat' dir='ltr'>referri</span> <span class='ocrx_word' id='word_1_123' title='bbox 2144 2364 2400 2445; x_wconf 90' lang='lat' dir='ltr'>quidque</span> <span class='ocrx_word' id='word_1_124' title='bbox 2424 2365 2527 2425; x_wconf 90' lang='lat' dir='ltr'>de·</span> 
     </span>
    </p>

    <p class='ocr_par' dir='ltr' id='par_1_8' title="bbox 348 2554 2590 2725">
     <span class='ocr_line' id='line_1_17' title="bbox 426 2554 2534 2634; baseline 0.001 -20"><span class='ocrx_word' id='word_1_125' title='bbox 426 2572 537 2617; x_wconf 86' lang='lat'>111.</span> <span class='ocrx_word' id='word_1_126' title='bbox 581 2554 658 2615; x_wconf 91' lang='lat' dir='ltr'>In</span> <span class='ocrx_word' id='word_1_127' title='bbox 685 2555 992 2628; x_wconf 75' lang='lat' dir='ltr'>Cicerone,</span> <span class='ocrx_word' id='word_1_128' title='bbox 1022 2557 1477 2619; x_wconf 82' lang='lat' dir='ltr'>Freinshemium</span> <span class='ocrx_word' id='word_1_129' title='bbox 1503 2556 1709 2626; x_wconf 84' lang='lat' dir='ltr'>secuti,</span> <span class='ocrx_word' id='word_1_130' title='bbox 1736 2558 2017 2634; x_wconf 89' lang='lat' dir='ltr'>majorem</span> <span class='ocrx_word' id='word_1_131' title='bbox 2042 2555 2468 2617; x_wconf 83' lang='lat' dir='ltr'>distinctionem</span> <span class='ocrx_word' id='word_1_132' title='bbox 2496 2578 2534 2617; x_wconf 88' lang='lat' dir='ltr'>a</span> 
     </span>
     <span class='ocr_line' id='line_1_18' title="bbox 348 2649 2590 2725; baseline 0.006 -14"><span class='ocrx_word' id='word_1_133' title='bbox 348 2649 603 2712; x_wconf 86' lang='lat' dir='ltr'>Grutero</span> <span class='ocrx_word' id='word_1_134' title='bbox 627 2662 813 2713; x_wconf 86' lang='lat' dir='ltr'>ortam</span> <span class='ocrx_word' id='word_1_135' title='bbox 840 2654 1180 2715; x_wconf 73' lang='lat' dir='ltr'>indicamus.</span> <span class='ocrx_word' id='word_1_136' title='bbox 2577 2718 2590 2725; x_wconf 84' lang='lat'>-</span> 
     </span>
    </p>

    <p class='ocr_par' dir='ltr' id='par_1_9' title="bbox 349 2746 2536 3007">
     <span class='ocr_line' id='line_1_19' title="bbox 427 2746 2536 2830; baseline 0.001 -24"><span class='ocrx_word' id='word_1_137' title='bbox 427 2764 521 2806; x_wconf 76' lang='lat' dir='ltr'>lv.</span> <span class='ocrx_word' id='word_1_138' title='bbox 585 2746 857 2828; x_wconf 89' lang='lat' dir='ltr'>Denique</span> <span class='ocrx_word' id='word_1_139' title='bbox 898 2769 1029 2809; x_wconf 88' lang='lat' dir='ltr'>raro</span> <span class='ocrx_word' id='word_1_140' title='bbox 1069 2751 1310 2830; x_wconf 78' lang='lat' dir='ltr'>paginas</span> <span class='ocrx_word' id='word_1_141' title='bbox 1362 2749 1638 2809; x_wconf 89' lang='lat' dir='ltr'>librorum</span> <span class='ocrx_word' id='word_1_142' title='bbox 1689 2749 2015 2809; x_wconf 83' lang='lat' dir='ltr'>notavimus</span> <span class='ocrx_word' id='word_1_143' title='bbox 2120 2748 2195 2808; x_wconf 91' lang='lat' dir='ltr'>In</span> <span class='ocrx_word' id='word_1_144' title='bbox 2248 2747 2536 2811; x_wconf 74' lang='lat' dir='ltr'>Strabone</span> 
     </span>
     <span class='ocr_line' id='line_1_20' title="bbox 349 2843 2534 2927; baseline 0.001 -24"><span class='ocrx_word' id='word_1_145' title='bbox 349 2852 565 2914; x_wconf 78' lang='lat' dir='ltr'>tamen,</span> <span class='ocrx_word' id='word_1_146' title='bbox 592 2843 693 2904; x_wconf 87' lang='lat' dir='ltr'>ubi</span> <span class='ocrx_word' id='word_1_147' title='bbox 715 2864 913 2905; x_wconf 87' lang='lat' dir='ltr'>earum</span> <span class='ocrx_word' id='word_1_148' title='bbox 953 2846 1307 2906; x_wconf 83' lang='lat' dir='ltr'>mentionem</span> <span class='ocrx_word' id='word_1_149' title='bbox 1332 2845 1600 2917; x_wconf 82' lang='lat' dir='ltr'>fecimus,</span> <span class='ocrx_word' id='word_1_150' title='bbox 1637 2848 1995 2927; x_wconf 73' lang='lat' dir='ltr'>respeximus</span> <span class='ocrx_word' id='word_1_151' title='bbox 2017 2847 2333 2910; x_wconf 86' lang='lat' dir='ltr'>editionem</span> <span class='ocrx_word' id='word_1_152' title='bbox 2360 2846 2534 2906; x_wconf 89' lang='lat' dir='ltr'>Pari-</span> 
     </span>
     <span class='ocr_line' id='line_1_21' title="bbox 349 2939 2013 3007; baseline 0.004 -7"><span class='ocrx_word' id='word_1_153' title='bbox 349 2939 593 3000; x_wconf 84' lang='lat' dir='ltr'>siensem</span> <span class='ocrx_word' id='word_1_154' title='bbox 617 2940 754 3000; x_wconf 80' lang='lat' dir='ltr'>anni</span> <span class='ocrx_word' id='word_1_155' title='bbox 778 2946 959 3004; x_wconf 70' lang='lat'><strong>1620.</strong></span> <span class='ocrx_word' id='word_1_156' title='bbox 1001 2942 1079 3002; x_wconf 85' lang='lat' dir='ltr'>ab</span> <span class='ocrx_word' id='word_1_157' title='bbox 1106 2940 1321 3003; x_wconf 79' lang='lat' dir='ltr'>Isaaeo</span> <span class='ocrx_word' id='word_1_158' title='bbox 1348 2942 1707 3004; x_wconf 77' lang='lat' dir='ltr'>casaubono</span> <span class='ocrx_word' id='word_1_159' title='bbox 1731 2953 2013 3007; x_wconf 84' lang='lat' dir='ltr'>curatam.</span> 
     </span>
    </p>
   </div>
   <div class='ocr_carea' id='block_1_6' title="bbox 775 3399 2114 3480">
    <p class='ocr_par' dir='ltr' id='par_1_10' title="bbox 775 3399 2114 3480">
     <span class='ocr_line' id='line_1_22' title="bbox 775 3399 2114 3480; baseline 0.001 -5"><span class='ocrx_word' id='word_1_160' title='bbox 775 3399 1418 3479; x_wconf 83' lang='lat' dir='ltr'><strong>CATALOGUS</strong></span> <span class='ocrx_word' id='word_1_161' title='bbox 1493 3401 2114 3480; x_wconf 80' lang='lat' dir='ltr'>AUCTORUM</span> 
     </span>
    </p>
   </div>
   <div class='ocr_carea' id='block_1_7' title="bbox 490 3581 2409 3645">
    <p class='ocr_par' dir='ltr' id='par_1_11' title="bbox 490 3581 2409 3645">
     <span class='ocr_line' id='line_1_23' title="bbox 490 3581 2409 3645; baseline -0.007 0"><span class='ocrx_word' id='word_1_162' title='bbox 490 3590 812 3645; x_wconf 70' lang='lat' dir='ltr'><strong>QUORUM</strong></span> <span class='ocrx_word' id='word_1_163' title='bbox 846 3591 1026 3642; x_wconf 67' lang='lat' dir='ltr'>1211)ss</span> <span class='ocrx_word' id='word_1_164' title='bbox 1059 3590 1143 3641; x_wconf 79' lang='lat'>111</span> <span class='ocrx_word' id='word_1_165' title='bbox 1178 3589 1434 3641; x_wconf 76' lang='lat' dir='ltr'>DECEM</span> <span class='ocrx_word' id='word_1_166' title='bbox 1466 3586 2172 3643; x_wconf 75' lang='lat' dir='ltr'>SUPPLEMENTORUM</span> <span class='ocrx_word' id='word_1_167' title='bbox 2207 3581 2409 3635; x_wconf 70' lang='lat' dir='ltr'>LIBRI</span> 
     </span>
    </p>
   </div>
   <div class='ocr_carea' id='block_1_8' title="bbox 352 3703 2291 4128">
    <p class='ocr_par' dir='ltr' id='par_1_12' title="bbox 352 3703 2291 4128">
     <span class='ocr_line' id='line_1_24' title="bbox 1241 3703 1906 3766; baseline 0.005 -12"><span class='ocrx_word' id='word_1_168' title='bbox 1241 3703 1648 3756; x_wconf 77' lang='lat' dir='ltr'>NrrvN‘rUR.</span> <span class='ocrx_word' id='word_1_169' title='bbox 1901 3760 1906 3766; x_wconf 68' lang='grc'><em>,</em></span> 
     </span>
     <span class='ocr_line' id='line_1_25' title="bbox 355 3824 2154 3889; baseline -0.002 -6"><span class='ocrx_word' id='word_1_170' title='bbox 355 3830 419 3883; x_wconf 81' lang='grc' dir='ltr'>Α.</span> <span class='ocrx_word' id='word_1_171' title='bbox 440 3832 663 3884; x_wconf 80' lang='lat' dir='ltr'>Gellius.</span> <span class='ocrx_word' id='word_1_172' title='bbox 1280 3882 1291 3889; x_wconf 82' lang='grc'><em>,</em></span> <span class='ocrx_word' id='word_1_173' title='bbox 1555 3833 1787 3885; x_wconf 81' lang='lat' dir='ltr'>Henrieo</span> <span class='ocrx_word' id='word_1_174' title='bbox 1804 3832 2034 3884; x_wconf 76' lang='lat' dir='ltr'>valesio.</span> <span class='ocrx_word' id='word_1_175' title='bbox 2082 3875 2096 3885; x_wconf 81' lang='grc'>,</span> <span class='ocrx_word' id='word_1_176' title='bbox 2142 3824 2154 3835; x_wconf 85' lang='grc'><strong>”</strong></span> 
     </span>
     <span class='ocr_line' id='line_1_26' title="bbox 352 3910 1823 3963; baseline -0.002 -1"><span class='ocrx_word' id='word_1_177' title='bbox 352 3913 652 3963; x_wconf 77' lang='lat' dir='ltr'>Ammianus</span> <span class='ocrx_word' id='word_1_178' title='bbox 671 3911 1023 3963; x_wconf 69' lang='lat' dir='ltr'>Marcellinus.</span> <span class='ocrx_word' id='word_1_179' title='bbox 1489 3910 1823 3960; x_wconf 73' lang='lat' dir='ltr'>Aristoteles.</span> 
     </span>
     <span class='ocr_line' id='line_1_27' title="bbox 352 3987 1793 4038; baseline -0.001 -2"><span class='ocrx_word' id='word_1_180' title='bbox 352 3987 599 4037; x_wconf 77' lang='lat' dir='ltr'>AElianus.</span> <span class='ocrx_word' id='word_1_181' title='bbox 1489 3988 1793 4038; x_wconf 69' lang='lat' dir='ltr'>Athenaeus.</span> 
     </span>
     <span class='ocr_line' id='line_1_28' title="bbox 355 4056 2291 4128; baseline -0.004 -16"><span class='ocrx_word' id='word_1_182' title='bbox 355 4063 414 4111; x_wconf 76' lang='lat'>1..</span> <span class='ocrx_word' id='word_1_183' title='bbox 429 4063 723 4128; x_wconf 81' lang='lat' dir='ltr'>Ampellns.</span> <span class='ocrx_word' id='word_1_184' title='bbox 1491 4062 1694 4114; x_wconf 78' lang='lat' dir='ltr'>Auctor</span> <span class='ocrx_word' id='word_1_185' title='bbox 1716 4062 1784 4112; x_wconf 86' lang='lat' dir='ltr'>de</span> <span class='ocrx_word' id='word_1_186' title='bbox 1807 4062 1950 4111; x_wconf 80' lang='lat' dir='ltr'>Viris</span> <span class='ocrx_word' id='word_1_187' title='bbox 1975 4056 2291 4111; x_wconf 77' lang='lat' dir='ltr'>Illustribus.</span> 
     </span>
    </p>
   </div>
   <div class='ocr_carea' id='block_1_9' title="bbox 357 4136 1874 4358">
    <p class='ocr_par' dir='ltr' id='par_1_13' title="bbox 357 4136 1874 4358">
     <span class='ocr_line' id='line_1_29' title="bbox 357 4136 1835 4204; baseline -0.001 -16"><span class='ocrx_word' id='word_1_188' title='bbox 357 4136 647 4203; x_wconf 77' lang='lat' dir='ltr'>Appianas,</span> <span class='ocrx_word' id='word_1_189' title='bbox 669 4148 726 4193; x_wconf 75' lang='lat' dir='ltr'>et</span> <span class='ocrx_word' id='word_1_190' title='bbox 742 4139 855 4203; x_wconf 86' lang='lat' dir='ltr'>ejus</span> <span class='ocrx_word' id='word_1_191' title='bbox 871 4140 1150 4203; x_wconf 73' lang='lat' dir='ltr'>Excerptae</span> <span class='ocrx_word' id='word_1_192' title='bbox 1178 4139 1410 4204; x_wconf 69' lang='lat' dir='ltr'>Legatio-</span> <span class='ocrx_word' id='word_1_193' title='bbox 1492 4138 1835 4204; x_wconf 73' lang='lat' dir='ltr'>Augustinus.</span> 
     </span>
     <span class='ocr_line' id='line_1_30' title="bbox 418 4214 1780 4273; baseline 0.002 -10"><span class='ocrx_word' id='word_1_194' title='bbox 418 4229 508 4264; x_wconf 75' lang='lat' dir='ltr'>nes</span> <span class='ocrx_word' id='word_1_195' title='bbox 527 4230 557 4263; x_wconf 78' lang='lat' dir='ltr'>a</span> <span class='ocrx_word' id='word_1_196' title='bbox 580 4214 764 4265; x_wconf 78' lang='lat' dir='ltr'>Fulvio</span> <span class='ocrx_word' id='word_1_197' title='bbox 779 4214 970 4266; x_wconf 81' lang='lat' dir='ltr'>Ursino</span> <span class='ocrx_word' id='word_1_198' title='bbox 987 4215 1163 4273; x_wconf 71' lang='lat' dir='ltr'>edita»,</span> <span class='ocrx_word' id='word_1_199' title='bbox 1183 4225 1290 4266; x_wconf 79' lang='lat' dir='ltr'>tum</span> <span class='ocrx_word' id='word_1_200' title='bbox 1308 4214 1412 4265; x_wconf 77' lang='lat' dir='ltr'>Ex·</span> <span class='ocrx_word' id='word_1_201' title='bbox 1495 4218 1780 4268; x_wconf 80' lang='lat' dir='ltr'>Barclaius.</span> 
     </span>
     <span class='ocr_line' id='line_1_31' title="bbox 418 4291 1874 4358; baseline 0.001 -18"><span class='ocrx_word' id='word_1_202' title='bbox 418 4298 599 4355; x_wconf 74' lang='lat' dir='ltr'>eerpts</span> <span class='ocrx_word' id='word_1_203' title='bbox 629 4291 699 4341; x_wconf 84' lang='lat' dir='ltr'>de</span> <span class='ocrx_word' id='word_1_204' title='bbox 739 4291 1016 4343; x_wconf 78' lang='lat' dir='ltr'>virtutibus</span> <span class='ocrx_word' id='word_1_205' title='bbox 1053 4300 1108 4343; x_wconf 79' lang='lat' dir='ltr'>et</span> <span class='ocrx_word' id='word_1_206' title='bbox 1148 4292 1308 4355; x_wconf 77' lang='lat' dir='ltr'>vitiis,</span> <span class='ocrx_word' id='word_1_207' title='bbox 1346 4292 1413 4342; x_wconf 82' lang='lat' dir='ltr'>sb</span> <span class='ocrx_word' id='word_1_208' title='bbox 1493 4294 1874 4358; x_wconf 72' lang='lat' dir='ltr'>Berneggerus.</span> 
     </span>
    </p>
   </div>
  </div>
 </body>
</html>
