3025 4892
840 327 1046 377 Lisai
1100 325 1300 376 xvxi.
1345 326 1994 379 sui-ensmsuruu.
2340 311 2513 383 1545

291 473 682 554 praemiorum,
711 490 899 552 neque
925 482 1428 534 monumentorum
1450 474 1593 533 satis
1618 473 1899 553 potuisset
1930 473 2185 535 decerni.

295 568 485 630 Nune
524 568 744 630 homini
780 568 1061 632 Romano
1095 571 1242 630 tanti
1284 570 1559 631 facinoris
1597 591 1818 631 merces
1854 591 2073 632 corona
2109 591 2187 633 ex

291 667 556 745 gramine
596 666 740 727 fuit:
783 667 1064 728 memoria
1101 688 1241 729 vero
1277 666 1424 728 facti
1466 667 1618 728 adeo
1645 667 1964 747 negligens,
1995 679 2063 730 ut
2082 669 2187 731 vix
2235 673 2365 729 Plin.
2369 690 2443 725 xx
2410 692 2514 729 xxx

295 762 371 823 de
415 764 648 828 nomine
688 763 984 824 fortissimi
1023 763 1132 825 viri
1171 774 1432 828 constet.
1475 764 1724 825 eundem
1750 766 1908 825 enim
1933 763 2188 848 Calpur·
2213 743 2383 859 2220„-

296 860 458 920 nium
511 860 856 925 Flammam
890 859 1174 943 plerique,
1218 861 1323 921 sed
1373 861 1467 924 M.
1518 861 1674 922 Cato
1721 862 1804 930 Q.
1849 861 2190 937 Oaedifium,
2216 884 2281 938 A,
2299 884 2432 939 Gen.

298 955 593 1017 Claudius
632 957 1057 1037 Quadrigarius
1097 958 1411 1019 Laberium
1452 969 1728 1019 vocatum
1769 979 1893 1020 esse
1935 959 2193 1024 tradide-
2326 1025 2335 1030 ,

292 1061 453 1115 runt.

376 1156 480 1211 25.
526 1149 806 1212 Ceterum
847 1171 1101 1213 emersus
1137 1173 1213 1213 ex
1244 1149 1339 1213 his
1377 1149 1659 1232 angustiis
1697 1153 1925 1226 consul,
1957 1173 2093 1215 eum
2132 1163 2194 1216 et

296 1268 456 1308 error
498 1248 799 1329 pudorem,
825 1259 888 1312 et
929 1251 1252 1331 periculum
1293 1251 1659 1329 vigilantiam
1701 1251 1974 1324 acuisset,
2004 1253 2195 1331 majo-

296 1344 458 1405 ribus
499 1345 708 1405 iterum
740 1347 961 1409 viribus
996 1357 1059 1407 et
1092 1348 1398 1408 intentiore
1432 1368 1576 1409 cura
1592 1401 1597 1407 .
1614 1368 1950 1430 oppugnare
1991 1351 2196 1410 urbem

296 1461 625 1520 aggressus,
650 1452 959 1523 postquam
999 1444 1121 1504 sine
1161 1445 1448 1505 machinis
1479 1464 1687 1526 parum
1722 1444 2088 1526 proficiebat,
2118 1448 2196 1507 ab
2222 1461 2376 1513 Diod.

301 1537 575 1599 Hierone
614 1541 828 1622 petitas
866 1542 1113 1622 accepit.
1198 1541 1422 1604 Earum
1457 1542 1754 1602 violentiae
1780 1543 1957 1603 cessit
1976 1563 2195 1619 murus,
2220 1560 2389 1628 Polyb.
2404 1565 2524 1613 134.

298 1635 683 1722 redactasque
726 1636 782 1697 in
824 1646 1174 1718 potestatem
1216 1638 1663 1704 Camarinenses
1686 1641 1895 1718 majori
1920 1659 1997 1701 ex
2031 1651 2196 1722 perte
2221 1659 2375 1711 Diod

299 1733 408 1793 sub
454 1733 627 1793 basta
670 1733 872 1794 consul
913 1734 1198 1795 vendidit.
1286 1735 1440 1794 Tum
1488 1735 1568 1795 ad
1611 1735 1847 1797 Ennam
1887 1737 2072 1797 itum.
2126 1759 2201 1799 ea

300 1850 539 1911 quoque
564 1830 887 1912 proditione
915 1840 1188 1911 recepta:
1230 1832 1573 1920 praesidiarii
1598 1833 1809 1914 partim
1844 1852 1882 1892 a
1909 1833 2201 1895 Romanis

299 1928 358 1988 in
398 1928 684 2012 oppidum
728 1929 994 1990 admissis
1035 1928 1323 1990 interfecti
1363 1940 1520 2001 sunt,
1549 1930 1651 1990 alii
1689 1931 1832 2010 fuga
1864 1929 2081 2013 dilapsi
2122 1932 2200 1993 ad

298 2045 536 2086 suarim
561 2027 813 2107 pestium
835 2027 968 2087 loca
991 2047 1054 2087 se
1079 2036 1440 2108 receperunt.
1510 2026 1759 2088 Sittanae
1783 2029 2217 2109 possessionem

300 2142 418 2183 non
450 2121 648 2195 delus,
674 2124 776 2184 sed
808 2126 993 2185 virtus
1027 2123 1213 2195 dedit,
1239 2143 1455 2203 magna
1478 2124 1538 2185 vi
1565 2123 1767 2205 pulsis,
1793 2125 1895 2205 qni
1919 2125 2199 2188 defende·

298 2229 456 2294 rant,
485 2230 548 2281 et
569 2221 712 2280 urbe
740 2230 1100 2302 expugnata.
1186 2219 1406 2301 Neque
1438 2240 1661 2281 moram
1688 2220 1955 2282 fecerunt
1977 2223 2203 2283 minora
2255 2238 2431 2304 Polyb.
2478 2245 2529 2290 et

300 2315 579 2397 quaedam
619 2318 797 2404 in⁴ea
827 2317 1050 2378 Sieiliae
1088 2326 1254 2399 parte
1278 2316 1521 2397 oppida,
1551 2317 1693 2396 quin
1719 2318 1979 2397 protinus
2017 2320 2205 2380 missis
2226 2305 2396 2355 ΖΜΝ·

300 2411 517 2493 legatis
542 2415 769 2476 consuli
793 2435 856 2475 se
882 2414 1198 2476 traderent.
1283 2414 1433 2485 Qui,
1451 2411 1738 2494 praesidiis
1763 2433 1868 2493 per
1890 2415 2204 2477 commoda
2226 2432 2376 2482 Diod.

299 2508 442 2572 loca
479 2511 797 2593 dispositis,
839 2513 900 2571 in
942 2510 1398 2590 Agrigentinum
1433 2529 1638 2589 agrum
1677 2510 1845 2588 signa
1889 2513 2204 2591 promovit,

299 2608 507 2689 ibique
572 2608 880 2676 Carnicum
940 2607 1252 2670 castellum
1307 2626 1491 2687 opera
1550 2604 1909 2687 proditorum
1964 2609 2204 2688 recepit.

305 2692 514 2766 Unde*
548 2705 818 2786 perculsi,
865 2705 969 2785 qui
1020 2704 1336 2764 Erbessum
1381 2704 1683 2774 tenebant,
1729 2702 1952 2784 oppido
1999 2702 2209 2764 relicto

301 2801 605 2882 fugerunt.
717 2800 819 2861 Sic
888 2801 1175 2862 Erbessus
1225 2820 1461 2881 quoque
1516 2798 1595 2860 ad
1646 2797 1955 2859 Romanos
1994 2799 2207 2860 rediit.

303 2897 459 2963 Hoc
487 2883 759 2960 successu
783 2897 986 2958 consul
1013 2898 1324 2968 animatus,
1353 2905 1416 2956 et
1438 2895 1600 2977 quod
1628 2896 2021 2976 Liparaeorum
2049 2894 2209 2956 haud

303 3015 532 3077 paucos
573 2995 686 3056 sibi
731 2994 926 3057 favere
974 2994 1245 3074 putabat,
1292 2993 1370 3053 ad
1417 2992 1653 3056 illorum
1697 2992 1901 3054 urbem
1947 2991 2210 3054 admovit
2231 3020 2408 3087 1:0151„

301 3093 657 3154 exercitum.
740 3091 843 3152 Ibi
891 3111 1007 3152 non
1046 3111 1164 3172 ,pro
1209 3099 1407 3151 cetera
1449 3089 1731 3150 felicitate
1778 3110 1871 3150 res
1912 3089 2206 3170 processit.
2231 3119 2400 3170 zum-2
2524 3121 2529 3130 ·

305 3187 634 3252 Hamilcar
675 3189 854 3262 enim,
883 3188 1147 3248 Romani
1187 3186 1356 3248 ducis
1393 3185 1639 3250 consilio
1675 3186 1963 3265 sagaciter
2002 3184 2209 3266 depre-

302 3286 517 3358 henso,
549 3285 826 3366 Liparam
864 3284 1022 3344 clam
1046 3284 1385 3353 intraverat,
1412 3282 1781 3363 intentusque
1807 3290 2037 3362 tempus
2060 3282 2213 3341 bene

304 3381 585 3463 gereudae
621 3383 706 3440 rei
733 3381 1110 3461 expectabat.
1196 3377 1380 3447 Quod
1407 3377 1720 3439 Romanus
1742 3398 1876 3438 cum
1899 3378 2211 3456 ignoraret,

303 3478 599 3540 audacius
632 3488 695 3538 et
730 3478 1022 3538 incautius
1057 3476 1293 3536 subiens
1326 3495 1543 3548 muros,
1568 3476 1872 3556 repentina
1896 3474 2217 3535 Poenorum

305 3576 619 3658 eruptione
659 3574 946 3640 turbatur.
1031 3571 1347 3633 Vulnerati
1386 3579 1522 3632 sunt
1562 3572 1621 3636 in
1662 3592 1734 3632 eo
1768 3569 2045 3634 conflictu
2086 3589 2215 3651 per-

304 3672 524 3742 multi;
568 3691 847 3732 caesorum
871 3690 1105 3753 quoque
1131 3690 1250 3730 non
1276 3670 1526 3749 exiguus
1549 3689 1819 3730 numerus
1844 3666 1977 3727 fuit.

392 3776 504 3831 26.
548 3768 792 3829 Interea
813 3767 893 3829 C.
925 3765 1223 3848 Sulpicius
1246 3765 1448 3826 consul
1493 3765 1555 3825 in
1591 3764 1868 3826 Sardinia
1904 3783 2040 3824 cum
2073 3762 2216 3823 Poe-

315 3870 412 3930 nis
441 3865 763 3946 aliquoties
776 3884 1048 3947 prospere
1072 3863 1412 3924 dimicavitz
1440 3871 1787 3942 tantumque
1803 3855 1941 3923 hinc
1973 3861 2221 3922 accessit

314 3962 534 4034 animi,
561 3972 629 4022 ut
662 3962 938 4024 Africam
970 3977 1170 4022 versus
1208 3960 1349 4021 vela
1385 3958 1581 4021 facere
1622 3958 1883 4022 auderet.
1969 3958 2049 4020 Id
2079 3981 2222 4022 vero

316 4060 570 4123 minime
589 4058 893 4121 ferendum
915 4079 1040 4120 esse
1062 4056 1574 4138 Carthaginienses
1590 4057 1877 4130 arbitrati,
1898 4055 2216 4120 Hanniba·
2241 4077 2385 4128 Otos.

445 4176 702 4243 vespam
728 4175 1001 4229 vmcta.
1341 4171 1528 4226 Lam.
2204 4157 2214 4164 “
2293 4183 2325 4227 ε
2359 4177 2412 4228 x
