3025 4892
955 316 1102 366 mn.
1149 315 1394 366 xxm.
1437 316 1602 368 cap.
1645 300 1757 366 22.
2293 301 2465 370 192⁷

263 464 543 546 questus
573 467 784 541 esset,
813 461 1135 547 explendi
1188 469 1467 528 senatus
1499 482 1711 530 causa
1756 468 1825 528 et
1859 461 2181 546 Jungeudi
2210 457 2466 531 arctius

260 564 488 631 Latini
534 566 822 631 nominis
870 586 1025 632 cum
1081 567 1338 652 populo
1384 565 1728 645 Romano,
1763 586 2160 651 magnopere
2198 588 2272 633 se
2311 588 2466 632 sua·

264 667 523 733 deres¹⁷
582 669 783 750 dixit,
846 677 918 736 ut
979 689 1066 735 ex
1142 670 1426 752 siugulis
1478 668 1749 754 populis
1805 668 2218 747 Latinorum,
2291 671 2468 736 binis

264 774 715 853 aenatoribus,
760 773 823 837 si
866 772 1111 839 Patres
1160 771 1453 839 Romani
1504 772 1948 851 censuissent,
1986 773 2230 838 civitas
2277 772 2469 840 dare-

263 884 398 954 tur,
429 883 630 961 atque
661 876 731 942 in
762 878 1254 943 demortuorum
1307 877 1535 942 locum
1589 876 1661 941 in
1711 885 2020 943 senatum
2076 879 2467 963 legerentur.

265 978 435 1044 Eam
482 981 888 1046 senteutiam
932 980 1115 1045 haud
1167 978 1578 1064 aequioribus
1617 979 1882 1058 animis,
1914 1000 2116 1064 quam
2170 981 2470 1065 ipsorum

264 1082 610 1167 quondam
679 1084 1097 1169 postulatum
1160 1084 1575 1163 Latinorum,
1633 1082 1877 1149 Patres
1936 1084 2319 1150 audierunt:
2382 1090 2473 1163 et,

264 1206 415 1252 cum
443 1186 747 1253 fremitus
776 1185 1263 1271 indignantium
1293 1194 1444 1254 tota
1489 1185 1749 1253 curia¹⁸
1780 1192 1982 1264 esset,
2024 1193 2089 1253 et
2125 1188 2471 1273 praecipue

264 1288 594 1369 Manlius,
627 1294 648 1324 ‘
677 1310 829 1356 esse
860 1291 1064 1356 etiam
1093 1310 1274 1356 nunc
1306 1291 1540 1375 stirpis
1573 1289 1722 1374 ejus
1747 1289 2006 1368 virum,'
2030 1292 2306 1369 diceret,
2340 1294 2359 1327 ‘
2383 1311 2473 1356 ex

264 1412 407 1476 qua
436 1392 764 1477 quondam
796 1394 867 1457 in
897 1394 1246 1477 Capitolio
1279 1395 1523 1459 consul
1555 1395 1845 1460 minatus
1873 1401 2081 1472 esset,
2110 1414 2308 1479 quem
2342 1395 2474 1459 La·

263 1492 479 1556 tinum
531 1490 600 1555 in
649 1492 838 1557 curia
889 1492 1199 1572 vidisset,
1227 1513 1378 1559 eum
1417 1512 1542 1558 sua
1580 1513 1780 1558 manu
1814 1513 1889 1558 se
1917 1494 2411 1559 interfecturum
2434 1491 2477 1572 3'

264 1583 377 1672 Qs
410 1592 663 1658 Fabius
717 1593 1092 1666 Maximus,
1143 1601 1162 1629 ‘
1192 1594 1562 1680 Nunquam
1593 1596 1688 1662 rei
1721 1595 1920 1661 ullius
1951 1596 2276 1662 alieniore
2310 1604 2474 1660 tem·

261 1716 435 1780 pore
461 1696 864 1762 mentionem
893 1697 1143 1762 factam
1172 1697 1242 1762 in
1273 1698 1546 1776 senatu,’
1596 1699 1794 1776 dixit,
1842 1704 1862 1733 ‘
1904 1719 2107 1784 quam
2138 1700 2309 1765 inter
2342 1706 2476 1763 tam

263 1819 645 1884 suspensos
667 1800 1000 1866 sociorum
1027 1801 1286 1868 animos
1313 1801 1769 1889 incertamque
1793 1803 1987 1870 fidem
2012 1804 2083 1869 id
2107 1810 2442 1882 tactum,¹⁹
2460 1802 2481 1837 ‘

266 1902 459 1988 quod
489 1902 762 1988 insuper
788 1903 1158 1969 solicitaret
1187 1925 1330 1970 eos.
1421 1905 1590 1972 Eam
1638 1908 1837 1972 unius
1877 1907 2164 1973 hominis
2202 1914 2480 1973 temera·

265 2009 442 2072 riam
496 2025 733 2071 vocem
791 2005 1062 2081 silentio
1118 2010 1414 2074 omnium
1464 2009 1990 2093 extinguendam
2051 2030 2239 2075 esse:
2284 2015 2369 2087 et,
2419 2010 2480 2074 si

270 2108 441 2194 quid
471 2127 762 2193 unquam
804 2109 1027 2176 arcani
1080 2112 1379 2176 sanctive
1420 2112 1504 2176 ad
1556 2111 1892 2177 silendum
1932 2113 2003 2178 in
2033 2115 2218 2178 curia
2261 2112 2478 2190 suerit,

266 2213 339 2277 id
374 2211 667 2275 omnium
698 2212 994 2278 maxime
1025 2213 1398 2296 tegendum,
1430 2214 1891 2291 occulendum,
1920 2214 2479 2293 obliviscendum,

267 2334 401 2401 pro
430 2333 560 2378 non
592 2313 777 2379 dicto
808 2313 1188 2381 habendum
1223 2317 1416 2382 esse?
1504 2315 1619 2383 Ita
1646 2315 1794 2401 ejus
1822 2319 1918 2383 rei
1947 2337 2272 2402 oppressa
2302 2336 2482 2382 men·

270 2419 375 2482 tio
410 2425 536 2482 est.
591 2416 1029 2496 Dictatorem,
1060 2420 1178 2504 qui
1211 2427 1448 2485 censor
1472 2426 1627 2485 ante
1658 2420 1921 2499 fuisset,
1953 2413 2483 2485 vetustissimus·

269 2540 415 2606 que
446 2539 535 2584 ex
561 2520 686 2597 εἰς,
718 2521 833 2604 qui
867 2521 1190 2598 viverent,
1223 2521 1554 2587 censoriis
1579 2532 1780 2602 esset,
1811 2522 2023 2588 creari
2056 2522 2337 2606 placuit,
2364 2525 2482 2608 qui

268 2628 578 2689 senatum
607 2623 857 2704 legeret
878 2644 894 2688 ε
915 2632 944 2660 ¹²
973 2623 1312 2708 accirique
1330 2623 1407 2689 C.
1428 2623 1815 2689 Terentium
1846 2626 2191 2690 consulem
2228 2625 2311 2689 ad
2339 2624 2482 2690 dic-

270 2734 561 2792 tatorem
593 2726 948 2791 dicendum
985 2726 1358 2810 jusserunt.
1450 2725 1587 2806 Qui
1632 2748 1782 2793 cum
1815 2747 1904 2792 ex
1946 2728 2221 2812 Apulia,
2249 2728 2484 2793 relicto

272 2830 378 2894 ibi
432 2828 772 2914 praesidio,
824 2829 1082 2911 magnis
1130 2829 1483 2894 itineribus
1550 2829 1844 2895 Romam
1908 2830 2217 2910 redisset,
2280 2838 2484 2912 nocte

330 2961 368 3008 s
394 2964 580 3014 Auctor
598 2977 714 3020 eune,
734 2964 862 3014 velut
882 2962 1097 3026 ingentio
1120 2964 1245 3015 boni.

1201 3074 1563 3098 OOOOO‘OOOOOO

274 3142 412 3195 ten-⁹
449 3141 805 3207 Rupert.—-l⁷
837 3143 1117 3205 ‘Jnngendi
1151 3144 1333 3193 arctius
1368 3145 1538 3195 Latini
1573 3144 1775 3194 nominis
1804 3160 1909 3195 cum
2066 3146 2110 3194 lo
2134 3146 2275 3196 Rom.
2295 3160 2487 3207 mugno-

272 3223 392 3274 pcre
425 3222 476 3258 ιε
513 3210 708 3259 suadere
748 3210 1003 3272 praeclara
1039 3208 1178 3271 conj.
1213 3209 1366 3259 (ΣΙ-εν.
1392 3225 1543 3274 quam
1568 3210 1809 3274 probavit
1829 3212 1942 3261 Dra
1986 3245 1999 3258 .
2022 3220 2076 3261 et
2101 3214 2303 3276 recepit
2327 3213 2488 3262 etiam

275 3275 389 3324 Str.
413 3287 510 3336 pro
534 3275 672 3337 vulg.
691 3274 914 3334 uminis,
930 3289 1019 3337 pro
1037 3288 1213 3335 mam
1233 3288 1287 3325 re
1305 3278 1505 3326 madere
1529 3277 1610 3326 vel
1630 3292 1684 3326 re
1704 3291 1756 3326 oe
1773 3279 1989 3327 suadere.
2040 3276 2101 3326 In
2127 3278 2336 3342 optimis
2361 3277 2492 3326 Mos.

279 3349 339 3390 et
365 3347 493 3389 vett.
529 3338 662 3389 Edd.
697 3339 882 3403 legitur
914 3338 1119 3388 nomia
1149 3353 1257 3387 cum
1282 3353 1371 3403 pro
1402 3355 1581 3402 magua
1600 3356 1653 3391 re
1672 3356 1724 3391 se
1743 3344 1958 3399 madere,
1983 3349 2036 3391 et
2058 3343 2128 3403 τῷ
2154 3358 2206 3408 p.
2240 3358 2309 3392 ro.
2336 3342 2414 3407 (b.
2438 3356 2489 3392 e.

271 3406 479 3470 populus
498 3403 668 3468 Rom.)
700 3402 986 3467 saepisnime
1016 3420 1043 3453 n
1069 3402 1291 3452 librariis
1315 3404 1596 3455 substituta
1624 3421 1785 3469 praep.
1819 3421 1928 3470 pro,
1962 3406 2037 3471 (v.
2063 3407 2230 3458 Drak.
2255 3408 2319 3458 ad
2346 3407 2488 3471 Epit.

280 3471 375 3521 lib.
404 3467 529 3532 xv.)
560 3469 812 3519 lectiones
852 3476 1026 3519 antem
1067 3470 1465 3520 recentt.'Livio
1489 3472 1574 3519 vix
1596 3471 1939 3520 obtrudendas
1967 3471 2247 3523 videntur.'
2288 3473 2493 3535 Rupert-

281 3539 417 3585 —18
451 3540 467 3564 ⁴
489 3534 649 3584 Forte
684 3536 790 3598 leg.
822 3534 873 3583 in
907 3540 1008 3584 tota
1039 3534 1175 3584 curia
1210 3547 1327 3583 cum
1363 3535 1611 3599 Doering.
1641 3543 1695 3586 et
1720 3537 1774 3585 Τ.
1797 3537 2012 3587 Manlius
2030 3552 2146 3588 cum
2171 3536 2354 3588 Gron.’
2385 3537 2492 3586 Ru-

1275 3666 1495 3718 NOTAE

351 3767 368 3799 ⁸
403 3764 465 3815 Id
486 3765 692 3829 tactum]
744 3766 1021 3817 Scribebat
1045 3766 1276 3817 Gronov.
1298 3767 1350 3816 id
1432 3774 1580 3818 actos
1605 3783 1767 3833 penes
1807 3768 2045 3818 consule·
2081 3766 2286 3819 fuerat:
2322 3767 2489 3817 donec

268 3843 496 3906 jactum.-
530 3857 634 3892 nou
669 3843 1096 3907 improbabiliter,
1133 3844 1232 3894 boc
1253 3851 1351 3905 eat,
1431 3844 1596 3894 creati
1616 3859 1874 3899 censores,
1898 3845 1985 3910 qui
2016 3845 2110 3895 boc
2145 3858 2354 3894 munere
2377 3842 2492 3892 fun·

276 3923 565 3986 jactatum,
588 3924 925 3986 propositum.
994 3923 1245 3987 Agnoscit
1273 3931 1351 3974 ta-
1432 3927 1694 3985 gerentur.
1747 3920 2034 3984 interdum,
2057 3919 2146 3968 sed
2175 3919 2360 3979 rarius,
2380 3918 2490 3968 dic·

288 4013 410 4048 meu
451 4012 553 4048 non
591 3999 724 4049 male
764 3999 870 4049 dici
912 3999 965 4049 id
1009 4004 1204 4058 tactum,
1249 4014 1353 4065 qua
1434 4004 1588 4055 tator,
1614 3997 1877 4047 autetiam
1904 3996 2155 4047 triumviri
2195 4011 2259 4045 en
2281 3996 2346 4045 de
2370 4010 2491 4044 cau-

288 4075 459 4126 forma
482 4077 728 4140 loquendi
747 4091 868 4126 usus
894 4076 1003 4128 Cic.
1433 4089 1491 4124 sa
1522 4076 1686 4125 creati
1712 4074 1761 4124 id
1785 4074 2028 4139 agebant,
2051 4081 2109 4124 ut
2134 4081 2346 4123 annotat
2376 4071 2490 4121 Ma·

354 4163 378 4188 ¹·
416 4155 516 4212 Qui
533 4160 750 4205 senatum
768 4158 973 4222 legeret]
1012 4156 1147 4207 Haec
1180 4162 1351 4220 potes·
1421 4152 1595 4217 jorag.
1622 4152 1687 4202 de
1713 4152 1903 4202 Senatu
1929 4149 2080 4203 Rom.
2103 4166 2221 4215 cap.
2250 4154 2326 4199 14.

291 4239 372 4285 tas
406 4231 611 4298 legendi
641 4232 890 4283 Senatum
924 4240 1043 4297 pont
1079 4246 1228 4297 rege·
1261 4245 1351 4282 ex-
