3025 4892
1052 434 1194 484 us.
1242 429 1451 482 xxu.
1500 435 1663 482 cAP.
1705 417 1772 482 3.
2328 421 2503 487 1778

296 587 426 658 rat,
458 578 647 665 quo⁶
689 577 895 644 altius
941 578 1030 642 ab
1072 595 1250 661 aqua
1274 582 1555 653 extaret,
1586 575 1911 658 vectus;'‘
1957 577 2203 662 vigiliis
2228 582 2500 648 tandem

296 691 365 749 et
392 690 723 749 nocturno
763 682 1038 746 humore
1096 681 1507 767 palustrique
1562 679 1777 746 coelo¹
1824 691 2150 765 gravante
2180 691 2404 768 caput,
2435 693 2501 750 et

294 787 464 872 quia
494 785 800 851 medendi
823 804 946 850 neo
971 785 1168 850 locus
1198 803 1326 849 nec
1368 790 1632 868 tempus
1679 791 1847 863 erat,
1893 785 2098 850 altero
2144 788 2342 858 oculo
2386 809 2498 853 ca-

290 890 492 978 pitur.

295 1027 304 1034 ·
375 993 445 1056 3.
480 991 727 1057 Multis
748 992 1126 1057 hominibus
1145 992 1607 1078 jumentisque
1632 989 1812 1056 foede
1842 993 2135 1071 amissis,
2167 1013 2318 1059 cum
2349 1000 2492 1060 tan·

291 1095 444 1160 dem
477 1095 562 1163 de
592 1096 957 1180 paludibus
987 1097 1394 1175 emersisset,
1435 1097 1556 1160 ubi
1600 1095 1889 1180 primum
1920 1095 1988 1160 in
2038 1096 2223 1161 sicco
2254 1099 2493 1181 potuit,

289 1204 513 1264 castra
559 1198 779 1278 locat3
826 1205 1214 1283 certumque
1268 1218 1389 1283 per
1435 1198 1826 1282 praemissos
1867 1197 2326 1282 exploratores
2372 1200 2492 1265 ha·

287 1303 457 1381 buit,
518 1304 892 1369 exercitum
951 1301 1335 1368 Romanum
1383 1301 1569 1366 circa
1625 1298 1877 1366 Arretii
1921 1309 1948 1351 ⁷
2018 1303 2263 1367 moenia
2320 1322 2492 1368 esse.

285 1404 602 1471 Consulis
629 1405 875 1472 deinde
906 1404 1191 1472 consilia
1220 1412 1427 1488 atque
1453 1405 1771 1483 animum,
1796 1409 1864 1469 et
1892 1403 2093 1468 situm
2124 1405 2489 1488 regionum,

282 1507 687 1592 itineraque,
716 1517 783 1576 et
828 1509 1064 1594 copias
1105 1507 1191 1573 ad
1227 1506 1687 1574 commeatus⁸
1732 1506 2221 1591 expediendos,
2262 1516 2334 1574 et
2383 1529 2493 1573 ce-

284 1620 455 1690 tera,
489 1631 641 1693 quae
670 1631 998 1695 cognosse
1027 1612 1096 1676 in
1141 1631 1279 1678 rem
1326 1619 1521 1690 erat,⁹
1562 1630 1822 1676 summa
1867 1611 2095 1677 omnia
2136 1633 2287 1677 cum
2334 1632 2493 1679 cura

280 1713 671 1799 inquirendo
700 1716 1191 1799 exequebatur.
1280 1714 1504 1800 Regio
1532 1716 1760 1780 eratin
1783 1714 2019 1799 primis
2055 1714 2280 1780 Italiae
2308 1715 2485 1781 serti-

281 1816 388 1894 lis‚
423 1815 694 1882 Etrusci
725 1818 968 1902 campi,
998 1819 1109 1903 qui
1142 1817 1455 1884 Faesulas
1478 1826 1522 1854 ¹¹¹
1555 1820 1715 1884 inter
1750 1817 2222 1903 Arretiumque
2240 1819 2489 1903 jacent,

277 1919 591 1986 frumenti
647 1939 730 1985 ac
783 1921 1046 2004 pecoris
1077 1929 1146 1988 et
1197 1923 1488 1987 omnium
1542 1922 1745 2006 copia
1789 1930 1844 1962 ¹0
1883 1941 2105 1987 rerum
2155 1921 2482 2006 opulenti.

280 2022 545 2088 Consul
578 2022 765 2088 ferox
811 2024 898 2089 ab
935 2025 1288 2091 consulatu
1330 2025 1581 2110 priore,
1614 2011 1692 2091 'et
1729 2045 1864 2091 non
1904 2025 2103 2090 modo
2145 2025 2366 2109 legum
2407 2043 2488 2090 ac

278 2125 563 2191 Patrum
595 2128 994 2213 majestatis,
1023 2129 1142 2194 sed
1174 2149 1256 2194 ne
1280 2129 1583 2195 Deorum
1612 2129 1883 2215 quidem
1912 2129 2080 2195 satis
2104 2137 2483 2194 metuens.¹¹

281 2228 488 2293 Hanc
532 2229 799 2295 insitam
843 2231 1104 2315 ingenio
1151 2232 1298 2317 ejus
1358 2234 1803 2298 temeritatem
1859 2231 2121 2297 fortuna
2154 2250 2483 2317 prospero

278 2330 612 2397 civilibus
641 2333 1029 2418 bellicisque
1070 2335 1271 2400 rebus
1300 2353 1628 2401 successu
1660 2332 1944 2399 aluerat.
2032 2332 2278 2417 Itaque
2316 2332 2487 2398 satis

276 2436 690 2519 apparebat,
738 2456 865 2502 nec
915 2437 1104 2503 Deos
1148 2458 1272 2504 nec
1322 2439 1624 2504 homines
1668 2436 2123 2502 consulentem
2182 2433 2486 2500 ferociter

274 2538 508 2603 omnia
537 2557 619 2604 ac
664 2559 1086 2625 praepropere
1131 2549 1454 2606 acturum.
1547 2540 1841 2625 Quoque
1880 2537 2150 2623 pronior
2191 2545 2377 2603 esset
2418 2536 2487 2602 in

277 2641 451 2706 vitia
480 2660 628 2720 sua,
658 2643 910 2726 agitare
942 2662 1092 2710 eum
1124 2651 1320 2728 atque
1350 2645 1605 2709 irritare
1636 2644 1896 2709 Poenus
1926 2650 2159 2727 parat:
2192 2650 2287 2717 et,
2307 2640 2486 2705 laeva

275 2743 518 2809 relicto
566 2743 780 2817 hoste,
827 2746 1142 2811 Faesulas
1185 2754 1449 2830 petens,
1488 2745 1711 2811 medio
1743 2745 2024 2811 Etruriae
2066 2751 2269 2828 agro¹²
2314 2761 2485 2827 pree·

275 2846 513 2911 datum
533 2854 587 2886 ¹²
629 2848 998 2932 profectu3‚
1041 2856 1355 2933 quantam
1398 2850 1765 2914 maximam
1799 2848 2182 2914 vastitatem
2230 2854 2481 2931 potest,

1196 3032 1559 3055 etonem„

273 3151 524 3209 pern—6
563 3149 700 3205 Quod
724 3150 854 3202 Eud.
878 3160 999 3202 aute
1023 3152 1256 3205 Crevier.

340 3216 372 3261 7
413 3213 540 3262 Put.
555 3213 819 3266 Βοαακωιι
837 3217 1020 3268 iacit-ca
1043 3219 1352 3270 Arretii.—8
1378 3219 1462 3269 ΑΙ.
1482 3224 1621 3283 aeque
1635 3219 2027 3268 nomana—9
2049 3214 2191 3265 Olim
2211 3214 2482 3276 legebatur

270 3283 434 3328 ceter·-
464 3294 574 3343 qua
603 3285 919 3345 menda
941 3286 995 3334 in
1017 3298 1072 3333 re
1090 3288 1376 3335 eman—10
1408 3286 1513 3335 Mu.
1538 3283 1785 3335 Cantabr.
1804 3282 2097 3346 copim—u
2135 3281 2262 3330 Eme
2283 3279 2483 3329 addunt

1276 3430 1491 3482 NOTAE

341 3541 366 3577 ¹¹
406 3544 673 3607 &paam
693 3580 708 3596 .
727 3579 743 3595 .
760 3552 950 3597 mecm
965 3580 981 3595 .
996 3581 1012 3597 .
1030 3581 1046 3598 .
1062 3550 1211 3598 altem
1231 3564 1337 3598 ocu·
1417 3562 1520 3614 que
1542 3548 1607 3598 ad
1633 3547 1850 3598 formam
1869 3545 1970 3596 vici
1996 3544 2213 3595 redacta
2237 3560 2249 3590 z
2285 3544 2482 3592 retinet

271 3619 320 3666 10
343 3620 559 3685 eapitur]
594 3621 716 3672 Huc
739 3623 921 3674 alludit
956 3624 1208 3675 satiricus
1242 3624 1340 3674 boc
1418 3634 1594 3677 tamen
1649 3626 1819 3675 adbuc
1866 3624 2043 3674 oedem
2097 3621 2481 3686 Epi-copulem,

272 3711 466 3746 versu:
503 3698 667 3749 ‘Cum
681 3700 893 3751 Gaetula
907 3700 1091 3752 ducem
1111 3709 1341 3767 portaret
1419 3703 1575 3766 vulgo
1610 3702 1806 3751 Fieuole.

276 3774 448 3825 bellun
474 3776 712 3826 luscum.’
1483 3787 1507 3813 ¹³
1544 3780 1709 3829 Medio
1730 3777 1948 3828 Etruria
1964 3775 2108 3839 agro]
2146 3774 2266 3823 Non
2291 3773 2478 3824 intelli·

349 3851 697 3917 ¹Pal¹utriqu
726 3854 866 3919 coelo]
900 3855 1125 3905 Nonium
1163 3855 1335 3905 aerem
1418 3857 1497 3922 git
1521 3871 1699 3921 agrum
1723 3855 1997 3905 Etruscum
2020 3850 2178 3901 fuisse
2205 3852 2339 3901 inter
2361 3852 2475 3904 Fla·

273 3929 544 3992 iutelligit,
584 3944 646 3979 ex
694 3932 756 3979 iis
806 3931 1101 3995 paludibus,
1134 3933 1336 3996 opinor,
1416 3933 1629 3983 minium
1674 3940 1730 3981 et
1774 3928 2155 3980 Hannibalem:
2205 3936 2285 3977 est
2337 3929 2474 3978 enim

271 4019 402 4066 qun·
424 4002 613 4054 fluvius
635 4006 832 4068 Clanis,
865 4008 1020 4073 vulgo
1055 4011 1104 4058 lc
1133 4009 1338 4072 caiana,
1415 4011 1604 4073 exigua
1627 4010 1740 4058 bec
1773 4022 1893 4072 pars
1923 4007 2161 4062 Etrurine,
2184 4021 2297 4071 quae
2336 4007 2478 4055 inter

268 4079 546 4131 interfluit.
1415 4087 1682 4138 Arretium
1724 4094 1781 4135 et
1818 4085 2128 4135 Petulanum
2160 4084 2262 4132 iter
2290 4085 2473 4147 jacet:

337 4165 371 4192 ὓ
405 4156 648 4222 Faeulas]
689 4159 904 4212 Pusula
944 4160 1066 4212 urb·
1106 4162 1334 4216 Etruria
1414 4165 1507 4215 sed
1548 4164 1659 4214 vult
1684 4162 2028 4214 Hannibalem
2066 4174 2160 4225 per
2192 4160 2386 4209 medios
2421 4175 2475 4209 a·

269 4234 397 4297 fnit,
438 4237 718 4288 Florentia
759 4240 947 4303 vicina,
982 4241 1115 4291 baud
1153 4243 1333 4304 procul
1413 4258 1533 4309 gros
1548 4241 1773 4294 Etruria
1794 4237 2059 4307 praedandi
2077 4238 2353 4289 causniter
2370 4229 2475 4287 coe'-

266 4314 419 4368 Arno
437 4330 454 4365 z
490 4314 760 4372 destructa
791 4324 911 4384 post
946 4332 979 4373 a
1019 4315 1223 4388 Gothia,
1251 4326 1331 4374 ct·
1408 4321 1569 4390 pine-
