3025 4892
866 345 1075 396 mser
1127 344 1236 395 xi.
1285 306 1939 395 ευΡνιΒΜιῑκτὺΜ.
2331 319 2506 389 1417

298 495 415 556 utei
439 512 515 555 ex
544 492 771 572 legibus
787 490 1098 572 plebeique
1122 490 1285 550 scitis
1323 491 1578 569 exigere,
1608 487 1902 567 judicare,
1943 505 2184 569 meque

297 590 569 672 oportet)
631 588 771 655 Quo
794 588 990 668 capite
1015 587 1364 647 mulctarum
1390 606 1623 666 quoque
1638 584 2057 664 exigendarum
2085 607 2189 666 po-

296 698 474 748 testas
498 686 638 767 ipsis
649 685 793 745 data
818 683 1085 744 videtur:
1130 694 1148 721 ‘
1177 683 1630 744 sacramentum'
1670 684 1830 744 enim
1867 684 1941 743 iis
1962 692 2191 764 tempo-

296 786 457 845 ribus
497 783 699 844 vocari
721 782 970 851 solebat,
997 779 1158 861 quod
1184 800 1367 861 poenae
1413 782 1649 841 nomine
1675 778 2038 861 pendebatur
2087 798 2189 849 ωε,

297 881 576 961 quoniam
613 877 762 938 illud
801 879 879 938 ob
904 897 1195 958 sacrorum
1236 877 1606 957 publicorum
1645 877 2100 948 multitudinem,
2132 884 2195 936 et

298 976 597 1055 angustias
646 975 862 1045 aerarii,
893 972 1313 1034 sacrificiorum
1338 974 1617 1055 impensis
1640 973 1921 1034 destinari
1947 992 2191 1034 consue·

295 1082 480 1133 verat.
541 1071 769 1131 Census
792 1089 1029 1150 quoque
1063 1090 1136 1130 eo
1170 1090 1324 1131 anuo
1353 1072 1469 1130 acti
1497 1071 1778 1131 memoria
1803 1091 1917 1131 non
1947 1070 2071 1130 alia
2095 1090 2192 1129 su·
2249 1085 2358 1137 Liv.
2383 1083 2514 1148 Epic.

296 1179 508 1250 petest,
543 1187 722 1248 quam
748 1165 906 1246 quod
928 1167 1145 1227 civium
1170 1168 1372 1247 capita
1387 1167 1645 1227 ducenta
1686 1168 2058 1247 septuaginta
2078 1166 2193 1228 tria
2218 1168 2294 1201 ¹¹¹·

260 1342 267 1349 Ι
298 1266 490 1325 millia
521 1284 703 1325 censa
733 1264 1023 1324 dicuntur.
1107 1263 1452 1344 Principem
1476 1273 1713 1324 senatus
1737 1263 1815 1323 ab
1840 1264 1933 1322 his
1957 1283 2194 1343 quoque

296 1362 634 1423 eensoribus
658 1361 874 1421 lectum
898 1359 1073 1419 fuisse
1116 1360 1199 1427 Q.
1232 1360 1483 1420 Fabium
1504 1360 1840 1421 Maximum
1865 1370 2030 1421 certa
2048 1380 2193 1420 con-

285 1462 526 1538 jectura
564 1467 674 1528 est,
712 1456 871 1537 quod
912 1455 1152 1516 aliunde
1182 1457 1398 1517 scimus
1421 1478 1498 1517 ex
1525 1478 1599 1517 ea
1642 1466 1813 1536 gente
1853 1458 2195 1517 continuum

298 1575 431 1615 eum
458 1556 738 1616 honorem
778 1554 965 1613 tribus
1002 1554 1299 1624 mansisse,
1336 1564 1403 1615 ut
1428 1554 1733 1615 Maximus
1770 1563 2077 1635 acceptum
2116 1553 2194 1613 ab
2247 1568 2517 1619 Plindiist.

301 1651 603 1711 Ambusto
628 1659 793 1731 patre
820 1670 958 1710 mox
987 1650 1065 1709 ad
1094 1650 1403 1730 Gurgitem
1427 1650 1617 1712 filium
1640 1652 2041 1712 transmiserit.
2217 1633 2521 1687 N⁸‘·V¹¹·⁴¹·

378 1754 483 1809 24.
530 1746 791 1817 Interea,
832 1767 967 1806 cum
1010 1746 1151 1807 foris
1189 1768 1280 1808 res
1318 1748 1460 1808 satis
1499 1748 1654 1808 laetae
1685 1757 1895 1819 efflent,
1924 1747 2197 1828 gravibus

300 1842 459 1904 domi
486 1842 791 1903 discordiis
815 1843 1308 1924 seditionibusque
1333 1844 1664 1905 laboratum
1691 1854 1802 1908 est.
1865 1845 2056 1905 Plebs
2081 1865 2197 1905 aere
2254 1849 2364 1898 Liv.
2389 1844 2524 1911 Epit-

302 1940 497 2001 alieno
524 1959 800 2020 oppressa
828 1960 1011 2001 novas
1040 1940 1275 2000 tabulas
1306 1939 1639 2020 flagitabat,
1671 1962 1793 2002 rem
1823 1951 2104 2015 veterem,
2138 1950 2201 2002 et
2223 1930 2395 2028 {fuum

300 2038 379 2098 ab
404 2036 678 2099 ducentis
706 2036 960 2117 amplius
989 2037 1156 2097 annis
1194 2039 1356 2098 varie
1381 2041 1702 2118 jactatam,
1735 2048 1804 2099 ut
1833 2039 2204 2099 turbulentus
2224 2044 2354 2094 Flor.
2379 2057 2419 2090 1.
2437 2041 2521 2090 2⁸.

301 2133 517 2214 aliquis
546 2133 810 2193 trib-mus
841 2132 919 2191 ad
949 2133 1399 2195 commovendos
1429 2135 1818 2196 multitudinis
1846 2137 2069 2196 animos
2098 2136 2203 2196 sti-

300 2230 525 2290 mulum
558 2248 693 2289 eum
725 2229 1087 2301 admoverat,
1118 2240 1222 2292 aut
1254 2232 1626 2313 improbitate
1658 2231 2066 2294 foeneratorum
2099 2253 2202 2314 po-

300 2326 425 2406 puli
458 2325 782 2405 indignatio
811 2334 1127 2387 exarserat.
1196 2326 1317 2387 Sed
1349 2329 1457 2388 sub
1490 2329 1777 2409 prioribus
1807 2329 2035 2410 aliquot
2063 2349 2204 2391 con-

300 2422 525 2483 sulibus
556 2423 889 2483 morborum
931 2431 1036 2483 aut
1073 2423 1323 2483 hostium
1357 2434 1544 2485 metus
1578 2426 1926 2485 remissiores
1957 2427 2016 2484 in
2060 2425 2202 2485 urbe

300 2519 706 2579 contentiones
742 2518 980 2581 fecerat.
1066 2519 1148 2586 Q.
1199 2520 1432 2581 Marcio
1461 2520 1761 2593 Tremulo,
1804 2522 1889 2584 P.
1925 2520 2202 2581 Cornelio

301 2614 540 2677 Arvina
564 2614 948 2686 consulibua*
970 2616 1181 2677 deinde
1208 2619 1476 2699 p'roximo
1507 2616 1706 2688 anno,¹
1730 2637 1864 2678 cum
1895 2617 1988 2678 M.
2018 2617 2201 2680 Clau-

298 2711 432 2773 dius
454 2711 802 2785 Marcellus,
832 2714 907 2773 Ο.
929 2712 1193 2773 Nautius
1220 2714 1465 2773 Rutilus
1491 2714 1890 2792 magistratum
1921 2721 2204 2793 gererent,

302 2810 555 2888 majores
588 2808 892 2889 aliquanto
926 2818 1118 2870 motus
1147 2811 1501 2871 extiterunt:
1545 2810 1624 2871 ad
1653 2830 1800 2890 quos
1822 2811 2210 2892 comprimen-

300 2904 431 2976 dos,
446 2906 638 2983 magis
661 2925 840 2986 quam
866 2905 1041 2965 ullius
1057 2906 1294 2968 alterius
1313 2908 1532 2986 negotii
1562 2907 1779 2967 bellive
1795 2927 1995 2978 causa,
2013 2905 2203 2966 dicta-

302 3010 488 3062 torem
531 3002 707 3062 fuisse
750 3001 973 3062 dictum
1012 3004 1341 3064 existimem
1386 3004 1657 3084 Appium
1716 3004 2056 3075 Claudium,
2101 3003 2204 3083 qui

301 3097 518 3159 deinde
548 3097 763 3159 Oaecns
786 3108 876 3159 est
898 3101 1361 3179 cognominatus,
1390 3120 1567 3181 quem
1585 3100 1931 3160 dictatorem
1947 3099 2123 3165 fuisse
2143 3100 2200 3158 in
2223 3106 2534 3157 Tabulam-r-

302 3196 562 3276 antiquis
585 3197 971 3257 monumentis
995 3198 1237 3279 reperio.
2226 3175 2530 3301 ’ὂζῖρῗξζῗῖῃ

382 3298 488 3354 26.
532 3292 692 3351 Sane
736 3302 946 3373 praeter
974 3294 1355 3355 acerbitatem
1386 3294 1728 3376 iniquissimi
1759 3294 2011 3367 foenoris,
2029 3294 2207 3354 etiam
2231 3304 2415 3358 Festos,
2450 3311 2501 3349 et

303 3387 535 3449 nefaria
578 3386 659 3449 c,
692 3387 882 3449 Plotii
925 3389 1108 3451 ubido
1152 3392 1322 3471 aegris
1351 3395 1485 3472 μω
1527 3392 1827 3452 hominum
1869 3392 2096 3464 animis,
2141 3397 2209 3449 ut
2228 3384 2311 3482 233
2330 3366 2501 3481 33¹¹·

302 3485 479 3546 citius
530 3492 711 3564 atque
762 3485 1160 3547 vehementius
1179 3508 1185 3515 ·
1204 3489 1672 3559 exardescerent,
1719 3489 1972 3568 subjecit
2028 3487 2207 3548 faces.
2264 3498 2311 3546 V
2315 3497 2379 3545 al.
2394 3495 2533 3544 Max.

306 3581 482 3643 Huic
504 3580 583 3642 T.
615 3580 920 3653 Veturius,
949 3581 1104 3643 filius
1126 3588 1256 3664 ejus
1283 3586 1540 3657 Veturii,
1568 3585 1671 3666 qui
1702 3586 1904 3645 consul
1936 3587 2014 3646 ob
2041 3594 2210 3665 turpe
2235 3565 2537 3691 gleinsssagf

303 3678 498 3740 foedus
522 3676 879 3738 Samnitium
907 3679 1125 3760 populo
1148 3679 1380 3741 deditus
1410 3681 1624 3752 fuerat,
1650 3702 1784 3741 cum
1810 3682 1888 3742 ob
1913 3681 2214 3741 calamita·
2239 3692 2403 3741 valen.

305 3785 429 3835 tem
467 3773 855 3835 domesticam
900 3775 972 3834 ad
1021 3794 1102 3835 aes
1134 3776 1390 3836 alienum
1419 3778 1756 3858 compulsus
1793 3778 2074 3838 solvendo
2100 3797 2218 3836 non

308 3881 484 3943 esset,
514 3870 577 3930 in
605 3890 903 3931 nexumse
931 3871 1159 3932 dedidit
1178 3872 1402 3945 lubens,
1421 3875 1734 3954 omniaque
1759 3873 1995 3934 servilia
2017 3873 2216 3933 minis·

307 3968 459 4028 teria
472 3967 769 4049 patienter
783 3978 1067 4029 executus
1080 3977 1189 4029 est.
1234 3970 1473 4030 Plotius
1489 3970 1986 4030 adolescentulum
1995 4015 2011 4041 ,
2029 3969 2219 4030 forma

313 4062 567 4135 liberali,
585 4082 664 4123 ex
681 4084 898 4144 magna
922 4087 1026 4147 spe
1045 4066 1365 4127 consularis
1383 4067 1622 4126 familiae
1640 4066 1715 4126 ad
1735 4065 1952 4127 infimae
1968 4066 2216 4127 fortunae

379 4208 404 4244 δ
436 4210 504 4262 Α.
527 4209 599 4261 U.
621 4209 685 4262 C.
706 4216 823 4264 ⁴6⁴.
857 4212 926 4265 A.
949 4213 1011 4265 C.
1031 4218 1147 4267 288.
1403 4214 1421 4249 ²
1455 4215 1522 4267 A.
1545 4216 1614 4268 U.
1636 4218 1696 4271 C.
1715 4222 1831 4270 ⁴65.
1867 4217 1930 4268 Α.
1955 4218 2018 4270 C.
2037 4222 2152 4270 287.

448 4308 636 4375 Daph.
659 4315 707 4362 et
734 4310 850 4363 Ver.
872 4311 1006 4364 Clas.
1375 4313 1564 4368 Livius.
2302 4323 2332 4367 5
2368 4316 2411 4366 B
