3025 4892
854 382 1065 433 mum
1116 380 1263 433 xu.
1308 380 1955 436 supponam-trun.
2380 368 2556 437 1435

321 550 455 593 rum
479 532 676 603 robur,
702 541 767 593 et
804 531 1229 595 bellicosissimi
1266 534 1418 612 regis
1436 533 1774 614 expectatio
1795 544 2221 599 commoverat:

324 651 448 710 quo
472 631 814 691 intentiores
840 628 1124 702 Romani,
1149 631 1350 712 capita
1383 630 1734 691 aeditionum
1770 640 1994 692 mature
2027 633 2223 713 oppri-
2249 642 2418 692 Zoonr.

324 726 563 798 mendo,
609 728 909 789 securitati
956 747 1081 787 suae
1123 726 1533 808 providebant.
1615 727 1713 788 Eo
1756 737 2016 809 tempore
2057 749 2229 789 casus

326 822 825 885 Praenestinorum
872 824 1199 906 principum
1243 824 1635 885 memorabilis
1682 823 1831 905 fuit:
1899 826 2004 905 qui
2056 835 2227 889 nocte

312 923 449 1000 jam
504 923 806 1001 ingruente
854 941 988 981 cum
1045 919 1288 981 adducti
1352 920 1615 983 Romam
1678 931 1895 993 essent,
1945 923 2229 987 custodiae

314 1038 509 1080 causa
551 1018 811 1079 conclusi
850 1018 1070 1077 suntin
1111 1018 1317 1078 aerario
1358 1019 1621 1099 publico,
1648 1028 1772 1079 tum
1794 1019 2031 1081 demum
2055 1019 2228 1081 intel·-

310 1117 498 1178 -lectis
538 1114 772 1177 fallacis
811 1112 1034 1175 oraculi
1077 1115 1443 1194 ambagibus,
1479 1117 1649 1195 cujus
1689 1115 1810 1177 fide
1851 1117 2232 1198 popularibus

323 1217 467 1285 suis,
496 1213 576 1274 ad
599 1212 992 1273 defectionem
1025 1232 1127 1273 eos
1152 1213 1478 1294 impulsuri,
1503 1233 1661 1295 saepe
1686 1213 2140 1296 spoponderant,
2169 1216 2227 1274 in

322 1310 467 1372 fatis
491 1330 642 1381 esse,
681 1319 699 1346 ⁶
723 1310 809 1370 uti
836 1309 1181 1372 Romanum
1210 1311 1479 1372 aerarium
1504 1331 1544 1371 a
1571 1310 1954 1373 Praenestinis
1975 1332 2227 1393 occupa·

326 1409 528 1469 retur?
611 1405 892 1468 Solicitos
931 1406 1187 1467 Patrum
1233 1408 1459 1468 numos
1503 1412 1669 1486 (nam
1707 1418 1772 1468 et
1813 1408 2153 1469 Fabricium
2193 1429 2231 1470 a
2255 1412 2371 1463 Dio·

310 1506 503 1571 ,sociis
542 1505 776 1565 retineri
822 1502 1192 1575 audiverant,
1220 1513 1288 1565 ut
1310 1525 1383 1565 eo
1409 1506 1649 1587 pignore
1674 1526 1810 1566 suos
1833 1506 1913 1565 ab
1940 1504 2233 1567 Romanis

310 1601 651 1663 incolumes
693 1600 1039 1683 reciperent,
1095 1611 1159 1662 et
1209 1600 1288 1661 ad
1331 1601 1632 1675 Etruscos,
1687 1601 1765 1663 ad
1813 1601 2100 1675 Umbros,
2152 1603 2230 1664 ad

316 1699 551 1763 ,Gallos
599 1708 807 1759 contra
855 1697 1137 1780 populum
1192 1697 1536 1771 Romanum
1603 1699 1952 1772 incitandos,
1985 1701 2233 1780 .legatos

310 1797 512 1874 mitti)
539 1816 694 1857 nova
720 1796 953 1879 insuper
977 1815 1120 1856 cura
1153 1797 1441 1878 oppressit
1464 1797 1550 1856 rei
1575 1816 1709 1857 cum
1735 1796 1897 1858 facto
1924 1798 2050 1879 ipso
2075 1808 2230 1859 atro-

314 1894 434 1964 cis,
461 1902 589 1953 tum
616 1891 1007 1953 formidabilis
1043 1893 1326 1974 exempli,
1354 1913 1428 1952 ne
1457 1893 1617 1975 apud
1643 1914 1847 1955 omnes
1870 1893 2063 1956 Italos
2087 1895 2231 1957 alie-

312 1991 565 2059 nissimo
596 1999 856 2072 tempore
886 1988 1167 2051 Romana
1210 1988 1360 2051 fides
1388 1991 1460 2057 in
1502 1992 1893 2073 suspicionem
1933 2000 1997 2053 et
2033 1991 2233 2053 odium

315 2086 765 2155 adduceretur.

407 2191 510 2249 27.
556 2184 653 2245 In.
659 2194 925 2247 extrem
953 2183 1151 2245 Italiae
1178 2185 1375 2247 littore
1399 2195 1608 2248 contra
1633 2186 1904 2249 Siciliam
1936 2184 2235 2265 Rhemum

325 2294 437 2355 est,
476 2283 679 2345 Graeci
724 2285 995 2356 nominis,
1038 2286 1396 2366 temporibus
1436 2285 1556 2346 illis
1595 2284 1809 2347 floreus
1846 2294 1912 2346 et
1948 2284 2235 2367 opulenta

324 2383 558 2443 civitas.
647 2381 742 2441 Ea
790 2401 925 2443 cum
975 2380 1233 2443 adventu
1290 2381 1510 2464 Pyrrhi
1552 2403 1825 2461 magnum
1869 2392 1932 2442 et
1972 2382 2233 2443 terribile
2255 2387 2431 2454 Polyb.
2454 2401 2494 2436 ι.
2509 2390 2561 2438 7.

314 2479 552 2541 -bellum
603 2488 865 2540 cerneret
904 2498 1274 2558 consurgere,
1320 2488 1605 2560 praeterea
1642 2479 1928 2540 classibus
1979 2476 2232 2538 Cartha-

322 2577 676 2655 giniensium
707 2576 765 2635 in
801 2576 911 2636 illo
937 2575 1083 2635 mari
1108 2576 1464 2654 vagantibus
1486 2584 1797 2636 terreretur
1818 2596 1835 2644 ς
1878 2572 2072 2635 diffisa
2094 2575 2233 2634 viri-

325 2673 435 2734 bus
464 2675 611 2744 suis,
648 2671 1056 2733 arcessendum
1102 2693 1140 2731 a
1176 2671 1472 2733 Romanis
1494 2671 1830 2754 praesidium
1854 2671 2232 2731 existimavit.

310 2766 685 2830 minabunt
706 2769 961 2830 militum
984 2769 1177 2830 millia
1210 2778 1484 2850 quatuor,
1511 2789 1590 2831 ex
1618 2768 1965 2850 Campaniae
1987 2766 2236 2828 coloniis
2289 2770 2396 2821 Ην.
2430 2769 2561 2834 Epit.

312 2869 547 2949 ,sm-ipta
570 2887 799 2939 manus,
825 2876 889 2928 et
928 2867 1064 2928 inde
1107 2868 1263 2947 legio
1294 2867 1608 2949 Campana
1648 2866 1973 2948 appellata,
1999 2851 2290 2926 tribuno¹
2255 2852 2360 2950 13¹⁹
2346 2914 2562 2950 11111111

318 2964 587 3025 militum
616 2963 810 3026 Decio
832 2963 1101 3025 Jubellio
1126 2964 1474 3026 deducente.
1545 2963 1672 3024 His
1694 2965 1772 3024 ab
1799 2964 1966 3024 initio
1990 2962 2232 3043 quidem
2254 2969 2337 3016 28·

306 3066 518 3140 neque
560 3059 764 3121 fides
748 3082 809 3121 ιιι
844 3061 1222 3125 defendenda
1265 3062 1430 3132 urbe,
1460 3081 1652 3141 neque
1690 3060 2000 3140 diligentia
2022 3058 2229 3119 defuit.
2253 3031 2373 3097 9⁰¹5
2377 3030 2427 3080 b

312 3156 594 3229 Deinde,
621 3159 763 3238 quia
779 3158 927 3217 belli
951 3160 1311 3239 propinquus
1335 3167 1526 3218 metus
1549 3157 1746 3218 nullus
1769 3167 1919 3229 erat,
1944 3155 2233 3238 paulatim

305 3258 449 3317 otio
488 3264 555 3317 et
582 3255 813 3317 Graecae
836 3256 1273 3318 consuetudinis
1296 3257 1624 3319 imitatione
1651 3255 1710 3314 in
1737 3255 1941 3315 luxum
1967 3253 2232 3325 resoluti,

310 3361 791 3434 -praesentemque
831 3354 1064 3435 copiam
1101 3373 1238 3414 cum
1278 3352 1426 3414 dura
1456 3361 1520 3414 et
1557 3352 1858 3416 laboriosa
1882 3351 2028 3422 vita,
2053 3368 2232 3430 quam
2279 3346 2421 3424 ΡίΘΘ
2393 3343 2561 3409 etAp·

324 3470 587 3531 eoumque
628 3459 896 3530 egerant,
938 3459 1367 3534 comparantes,
1412 3449 1907 3531 opportunitatem
1946 3448 2129 3519 urbis,
2171 3454 2236 3505 et
2255 3426 2487 3526 ῧξέξμ

312 3547 655 3609 -incolnrum
694 3546 1063 3620 felicitatem,
1087 3567 1352 3610 sermone
1390 3546 1732 3629 cupiditatis
1756 3552 1820 3605 et
1843 3544 2083 3606 invidiae
2109 3542 2235 3625 ple·
2259 3557 2332 3607 Po
2334 3556 2347 3604 1
2303 3556 2435 3622 yb

326 3663 426 3715 no,
456 3646 516 3704 in
542 3642 781 3705 circulis
803 3651 865 3704 et
889 3645 1156 3727 hospitiis
1177 3645 1297 3704 suis
1321 3645 1547 3723 agitare
1569 3649 1884 3723 coeperunt.

320 3780 329 3785 -
407 3747 510 3803 28.
558 3739 991 3802 Delectabatur
1015 3761 1089 3801 eo
1112 3740 1552 3819 factojDecius,
1579 3741 1684 3820 qui
1719 3748 1782 3798 et
1820 3739 1943 3819 ipse
1970 3737 2097 3817 pari
2134 3755 2236 3794 ve·
2264 3744 2380 3795 Dio.

314 3837 530 3898 ‹cordia
563 3836 780 3898 ductus
812 3837 1160 3899 sceleratum
1201 3835 1564 3919 occupandae
1589 3835 1750 3896 urbis
1786 3832 2097 3894 consilium
2121 3832 2238 3912 pri·

330 3932 691 3995 demnnirm
716 3944 1088 4015 conceperat.
1174 3933 1447 3997 Favebat
1470 3933 1708 3993 occasio
1743 3929 2040 4013 proesentis
2072 3927 2239 3999 belli,

324 4050 448 4109 quo
470 4032 702 4091 sciebat
743 4032 829 4091 ita
868 4030 1137 4110 distringi
1165 4030 1492 4101 Romanos,
1521 4039 1588 4090 ut
1613 4027 1953 4107 Rheginam
1993 4046 2113 4085 rem
2137 4045 2240 4085 cu·

332 4129 511 4189 taturi
538 4148 654 4188 non
676 4136 914 4188 essent:
959 4137 1023 4188 et
1047 4129 1105 4188 in
1129 4128 1375 4189 adverso
1393 4127 1589 4187 littore
1611 4125 2019 4193 Mamertinos,
2040 4141 2239 4182 exem·

339 4222 494 4303 plum
533 4225 710 4286 simul
736 4225 931 4286 felicis
954 4225 1215 4297 sceleris,
1243 4234 1306 4284 et
1329 4224 1537 4285 similis
1562 4221 1824 4304 perfidiae
1849 4219 2009 4281 haud
2030 4218 2241 4279 dubios
