3025 4892
1086 366 1231 414 mn.
1279 364 1455 414 xxt.
1496 365 1661 415 cap.
1704 351 1810 417 6-2.
2375 349 2547 418 1759

341 533 514 593 rum,
571 514 922 598 procedit:
986 518 1217 597 atque,
1280 514 1440 577 urbe
1483 532 1706 578 eorum
1761 512 2098 592 obsessa,b
2156 514 2542 579 Lacetanos

342 618 676 683 auxilium
725 617 1027 682 finitimis
1075 616 1364 682 serentes
1411 623 1635 690 nocte,
1680 616 1851 680 haud
1895 617 2132 699 procul
2163 616 2310 700 jam
2354 619 2540 696 urbe,

341 741 500 786 cum
537 721 778 787 intrare
806 721 1100 797 vellent‚³
1148 721 1428 805 excepit
1463 721 1753 784 insidiis.
1842 719 2046 785 Caesa
2074 720 2160 784 ad
2191 720 2540 786 duodecim

339 824 595 890 millia:
643 826 830 889 exuti
869 844 1058 908 paene
1102 845 1334 889 omnes
1383 825 1606 902 armiS,
1660 824 1897 889 domos
1947 824 2203 908 passim
2236 824 2540 909 palantes

339 946 465 1009 per
494 947 690 1009 agros
716 928 1071 1010 diffugere;
1106 947 1227 992 nec
1249 929 1580 992 obsessus
1605 927 1737 992 alia
1760 928 1901 992 ulla
1928 947 2054 1006 reS,
2090 948 2289 1011 quam
2311 928 2542 1012 iniqua

337 1032 888 1114 oppugnantibus
939 1030 1196 1116 hyems,
1251 1031 1611 1094 tutabatur.
1721 1026 2025 1113 Triginta
2081 1030 2228 1095 dies
2276 1031 2539 1096 obsidio

333 1133 500 1199 fuit:
550 1154 670 1217 per
698 1154 877 1218 quos
909 1154 1056 1198 raro
1100 1153 1392 1216 uuquam
1442 1135 1561 1197 uix
1593 1134 1808 1198 miuus
1837 1143 2125 1218 quatuor
2154 1132 2359 1217 pedes
2398 1135 2539 1199 atta

320 1237 585 1320 jacuit:
634 1236 940 1321 adeoque
982 1236 1246 1319 pluteos
1287 1255 1368 1300 ac
1397 1225 1638 1300 ‘vineas
1669 1236 2131 1301 Romanorum
2165 1245 2535 1321 operuerat,

335 1349 416 1403 ut
447 1359 528 1404 ea
557 1341 724 1417 sola,
768 1340 1032 1422 ignibus
1072 1341 1435 1422 aliquoties
1465 1338 1792 1422 conjectis
1837 1341 1922 1404 ab
1954 1340 2170 1418 hoste,
2202 1341 2403 1404 etiam
2438 1345 2534 1404 tu-

337 1451 703 1518 tamentum
734 1442 955 1508 fuerit.
1032 1442 1381 1507 Postremo
1405 1462 1557 1506 cum
1590 1441 1944 1508 Amusitus
1969 1444 2287 1528 princeps
2309 1462 2536 1506 eorum

333 1545 421 1610 ad
454 1545 948 1610 Hasdrubalem
981 1545 1411 1628 profugisset,
1456 1546 1687 1628 viginti
1729 1550 1971 1630 argenti
2006 1546 2319 1612 talentis⁰
2351 1534 2535 1629 pacti

333 1648 677 1712 deduntur.
763 1648 1208 1713 Tarraconem
1237 1647 1307 1712 in
1338 1647 1633 1733 hyberna
1665 1649 1949 1713 reditum
1983 1656 2105 1715 est.

420 1751 532 1816 62.
581 1750 816 1816 Romae
864 1760 977 1815 aut
1018 1754 1200 1817 circa
1247 1754 1531 1816 urbem*
1581 1754 1790 1818 multa
1835 1774 1914 1818 ea
1966 1753 2201 1838 hyeme
2233 1752 2534 1837 prodigia

328 1854 555 1919 facta:
604 1862 723 1920 aut
747 1853 965 1942 (quod
998 1857 1263 1921 evenire
1290 1857 1518 1935 solet,†
1561 1857 1761 1922 motis
1802 1859 2010 1923 semel
2043 1858 2111 1921 in
2142 1858 2533 1940 religionem

333 1955 615 2044 animis)
644 1960 858 2024 multa
883 1960 1183 2024 nuntiata
1229 1968 1302 2024 et
1342 1966 1585 2025 temere
1628 1960 1875 2026 credita
1903 1970 2100 2026 sunt:
2148 1961 2216 2026 in
2247 1963 2401 2045 quis
2432 1960 2534 2026 in-

333 2081 618 2144 genuum
650 2061 976 2127 infantem
1021 2061 1414 2128 semestrem
1455 2065 1524 2127 in
1570 2064 1716 2128 foro
1764 2060 2084 2128 olitoriod
2130 2064 2532 2148 triumphum

331 2166 696 2232 clamasse:
722 2173 747 2213 ⁵
776 2173 845 2230 et
866 2167 1010 2232 foro
1041 2167 1278 2232 boario
1306 2166 1551 2231 bovem
1585 2166 1653 2231 in
1686 2167 1946 2232 tertiam
1968 2167 2531 2250 contignationem

329 2286 459 2332 sna
489 2277 734 2353 sponte
764 2270 1163 2343 escendisse,
1192 2277 1397 2354 atque
1423 2269 1580 2333 inde
1605 2271 1899 2335 tumultu
1930 2269 2373 2334 habitatorum
2401 2277 2533 2335 ter-

325 2371 532 2437 ritum
564 2393 715 2438 sese
739 2372 1102 2458 dejecisse:
1137 2381 1207 2439 et
1227 2374 1500 2439 navium
1533 2375 1830 2458 speciem
1855 2373 1938 2438 de
1969 2374 2148 2439 coelo
2172 2372 2529 2451 affulsisse,

328 2479 397 2540 et
433 2475 649 2542 aedem
681 2477 872 2562 Spei,
920 2497 1068 2561 quae
1102 2477 1306 2542 estin
1336 2476 1482 2542 soro
1516 2478 1798 2555 olitorio,
1845 2476 2123 2576 fulmine
2177 2477 2420 2542 ictam:
2465 2483 2531 2541 et

1243 2642 1369 2665 oue·
1588 2642 1617 2661 O

322 2741 477 2792 cilius
507 2739 953 2805 deprehenditur?
986 2742 1173 2794 Stroth.
1239 2743 1361 2794 vid.
1382 2744 1511 2795 Not.
1533 2744 1658 2792 Var.
1660 2746 1754 2793 -8
1790 2743 1946 2793 Matit
1978 2742 2530 2806 Rupert.1mdprocu1

321 2807 458 2861 urbe,
475 2810 696 2870 samjan
715 2808 899 2859 intrare
920 2810 1106 2859 veneat.
2528 2851 2533 2856 .

385 2876 419 2922 4
453 2873 598 2923 Olim
633 2874 904 2939 legebatur
929 2875 1094 2925 Rmnoe
1121 2879 1278 2924 autem
1298 2879 1348 2951 et
1367 2875 1495 2925 cirea
1516 2874 1693 2925 urbem.
1760 2873 1910 2939 Conj.
1931 2870 1986 2924 J.
2010 2874 2071 2925 F.
2093 2872 2325 2925 Gronov.
2360 2873 2527 2924 Rom

1316 3039 1533 3091 No‘rAE

318 3143 474 3202 parte
495 3136 709 3186 Iberum
745 3138 1030 3201 attingunt,
1067 3138 1385 3189 intermediis
1470 3139 1764 3204 quingentis
1780 3146 1833 3188 et
1859 3138 2229 3205 quinquaginta
2251 3137 2424 3189 libris:
2449 3139 2531 3191 sie‘

316 3216 440 3263 hinc
487 3214 788 3275 lacetanis,
840 3214 963 3263 inde
1019 3215 1280 3264 Laletanis
1330 3222 1387 3265 et
1469 3215 1654 3280 viginti
1703 3217 1906 3265 talenta
1943 3215 2333 3281 respondebunt
2362 3215 2528 3267 ferme

316 3292 615 3342 Cosetanis.
677 3289 783 3341 Hie
807 3293 986 3354 itaque
1013 3292 1270 3341 Cosetnnos
1290 3306 1384 3354 pro
1464 3298 1647 3344 eloco.
1672 3293 1814 3344 libris
1840 3293 2117 3343 Francicis.

316 3368 602 3419 Ausetanis
637 3367 822 3417 lubens
846 3367 1145 3422 scriberem,
1184 3368 1279 3417 nisi
1303 3382 1386 3416 ca·
1530 3379 1554 3427 «ι
1592 3370 1732 3426 Quod
1769 3370 1954 3420 evenire
1978 3371 2116 3433 solet,
2149 3369 2257 3433 ξω]
2310 3370 2386 3418 Ex
2425 3368 2526 3420 boc

314 3454 411 3510 put
430 3445 810 3495 Cosetanorum
842 3451 984 3494 esset
1002 3445 1249 3501 Tarraco,
1273 3444 1384 3495 Sci·
1464 3448 1580 3496 ioco
1601 3446 1838 3497 excusari
1861 3454 2038 3510 potest
2072 3446 2317 3511 frequens
2352 3446 2528 3512 prodi·

314 3523 532 3587 pinnum
563 3535 712 3584 opus.
762 3518 867 3570 Sed
900 3521 1099 3570 iliorum
1136 3520 1273 3571 forte
1295 3534 1385 3570 an·
1465 3523 1665 3584 giorum
1719 3524 2154 3587 commemoratio,
2212 3537 2329 3589 quoe
2366 3523 2526 3587 'apud

313 3600 466 3662 gntus
511 3596 693 3661 aliquis
747 3597 1102 3647 Tarraconem
1149 3597 1284 3648 inter
1329 3604 1387 3648 et
1466 3599 1666 3649 Livium
1703 3600 1961 3650 occari-itt
2003 3615 2068 3649 ue
2108 3601 2224 3664 quis
2260 3614 2375 3648 euru
2415 3613 2526 3649 om-

311 3675 530 3724 Ibernm
555 3672 848 3722 aRomanis
868 3682 992 3724 tunc
1008 3673 1300 3725 defecerat.
1462 3677 1547 3726 nia
1570 3675 1852 3726 credidisse
1886 3683 2060 3740 putet,
2095 3689 2208 3741 quai
2241 3681 2435 3724 narrata
2466 3675 2523 3724 J.

375 3751 401 3785 δ
442 3750 575 3801 Urbe
588 3764 748 3799 eoram
761 3750 968 3814 obsessa]
1004 3751 1382 3803 Ausetanorum
1466 3753 1695 3802 Clericus.

307 3827 437 3879 urbs
477 3826 625 3878 Anu
657 3828 942 3886 dicebatur,
985 3839 1166 3893 postea
1193 3830 1381 3896 Aque·
1526 3828 1551 3863 ‘¹
1584 3827 1769 3889 Insoro
1792 3826 2004 3890 olitorio]
2036 3826 2156 3876 Fuit
2189 3824 2354 3875 forum
2374 3826 2529 3877 clito·-

308 3904 588 3960 Voconiae,
612 3918 748 3954 nnnc
775 3904 1107 3956 Vied’Osoaa.
1463 3905 1594 3954 rium
1633 3906 1682 3953 in
1708 3903 1919 3968 regione
1950 3902 2110 3954 Urbis
2146 3903 2417 3953 undecima
2454 3919 2522 3953 ex

371 3992 397 4019 ο
437 3981 642 4055 ιΠςὶιιίι·
672 3983 866 4045 argenti
882 3982 1096 4047 talentis]
1131 3985 1382 4036 Ostendi·
1464 3982 1689 4045 Augusti
1732 3981 2104 4044 descriptione,
2158 3980 2292 4031 haud
2338 3983 2522 4045 procul

307 4076 426 4112 mus
459 4060 665 4110 ratione
699 4060 874 4110 habita
900 4060 1143 4125 ponderis
1166 4070 1221 4111 et
1244 4077 1381 4112 com-
1465 4059 1620 4109 Circo
1661 4058 1920 4107 maximo:
1980 4057 2049 4106 ibi
2093 4056 2205 4107 fere
2251 4056 2339 4107 ubi
2384 4071 2523 4108 nnnc

308 4138 588 4204 paratione
610 4135 752 4187 facta
774 4137 978 4201 argenti
1001 4137 1065 4187 ad
1090 4148 1380 4202 argentum,
1462 4136 1647 4186 Pium
1667 4135 1971 4184 Montanum.
2026 4135 2272 4184 Boarium
2297 4146 2420 4184 vero
2444 4149 2522 4184 re·

310 4216 517 4266 talenta
553 4213 641 4262 iiia
675 4213 981 4277 nquiparari
1007 4227 1160 4277 posse
1182 4213 1379 4264 duobus
1462 4215 1615 4278 ‘ione
1638 4212 1796 4263 Urbis
1818 4220 2020 4269 octava,
2053 4227 2171 4278 quae
2195 4219 2277 4262 est
2296 4209 2395 4263 fori
2420 4211 2520 4262 Ro·

305 4290 546 4342 millibus
568 4288 817 4339 librarum
839 4290 1168 4355 nostratium,
1187 4289 1379 4341 additis
1458 4290 1616 4356 mani,
1638 4302 1735 4340 nec
1758 4289 1938 4355 procul
1962 4288 2027 4339 ab
2046 4288 2270 4340 olitorio.
