3025 4892
464 370 639 435 1474

462 1702 631 1822 ¹332„
595 1718 761 1771 sup

457 3454 588 3509 Plut.

450 3850 615 3901 Zonar-

352 4114 357 4123 ⁴
451 4141 664 4209 Dionys.

1424 383 1493 431 T.
1544 382 1731 430 lell

790 533 930 611 qnia
954 530 1279 592 communis
1301 528 1443 589 boni
1476 529 1674 609 specie
1715 528 2087 607 tegebantur,
2131 534 2450 605 utcumque
2471 524 2694 585 tolera-

789 630 954 689 bant.
1064 627 1396 706 Postquam
1449 634 1650 685 autem
1705 646 1807 686 eos
1853 626 2034 706 ipsos,
2082 643 2329 704 quorum
2396 622 2693 683 beneficio

789 726 1047 786 maxime
1078 723 1345 784 Siciliam
1385 724 1743 794 obtinuerat,
1777 723 2031 782 interimi
2073 721 2298 791 videre,
2339 740 2456 780 non
2477 719 2692 801 paula-

786 824 917 892 tim,
959 843 1148 902 neque
1184 842 1348 882 mora
1391 821 1758 902 interposita,
1793 820 1899 880 sed
1945 820 2141 879 subito
2191 817 2409 878 aversis
2459 818 2689 887 animis,

788 919 955 979 multi
981 919 1185 1001 populi
1227 920 1306 978 ab
1331 921 1461 998 ejus
1486 918 1751 978 amicitia
1783 917 2192 987 desciscentes,
2235 924 2305 976 ut
2334 915 2547 994 cuique
2579 934 2690 995 op-

788 1027 1101 1099 portunum
1144 1026 1293 1088 erat,
1322 1015 1427 1075 alii
1455 1014 1686 1085 Poenis,
1715 1015 1818 1076 alii
1857 1012 2230 1074 Mamertinis
2249 1032 2314 1072 se
2351 1011 2690 1092 applicave-

786 1124 938 1174 runt.
1023 1113 1207 1174 Adeo
1274 1113 1544 1173 nimirum
1595 1111 1936 1181 crudelitas,
1986 1110 2164 1171 etiam
2208 1128 2346 1169 cum
2396 1108 2526 1169 sola
2575 1117 2690 1179 est,

784 1232 1013 1293 semper
1032 1212 1248 1290 gravis,
1270 1212 1503 1291 penitus
1528 1208 1600 1269 fit
1621 1208 2032 1279 intolerabilis,
2050 1216 2384 1288 postquam,
2411 1205 2693 1266 adversus

784 1309 1169 1369 benemeritos
1193 1309 1474 1378 exercita,
1502 1308 1753 1387 propriis
1769 1305 1924 1366 odiis
1937 1305 2116 1365 etiam
2132 1304 2344 1382 ingrati
2364 1302 2690 1385 pei-fidique

787 1406 971 1465 animi
994 1404 1449 1465 detestationem
1478 1403 1775 1482 adjunxit.

866 1508 965 1562 18.
1011 1500 1199 1561 Hanc
1225 1510 1423 1561 autem
1461 1501 1518 1559 in
1546 1500 1950 1560 necessitatem
1977 1499 2036 1559 vi
2062 1507 2278 1559 cuncta
2303 1495 2600 1558 tractandi
2623 1517 2688 1557 se

786 1599 1043 1672 maxime
1069 1598 1300 1659 videtur
1325 1598 1603 1669 induisse,
1631 1597 1772 1657 dum
1798 1596 1995 1677 prav'n
2007 1614 2241 1656 suorum
2268 1594 2693 1675 cupiditatibus

786 1695 1161 1776 consiliisque
1190 1697 1360 1756 nimis
1383 1696 1746 1776 obsequitur.
1831 1692 1956 1753 His
1975 1693 2134 1753 enim
2168 1713 2334 1773 opes,
2360 1692 2568 1752 amieis
2581 1698 2693 1751 aut

786 1793 1126 1854 necessariis
1150 1792 1510 1872 Agathoclis
1550 1791 1842 1863 ademtae,
1868 1790 2026 1851 dono
2065 1790 2275 1859 dabat,
2298 1788 2485 1849 nihilo
2509 1807 2692 1868 quam

785 1887 1017 1950 fuerant
1041 1889 1130 1949 illi
1156 1890 1531 1949 melioribus:
1573 1889 1951 1967 magistratus
1987 1887 2216 1947 urbium
2244 1886 2570 1966 praecipuos
2593 1904 2690 1946 sa-

782 1985 1074 2046 tellitibus
1114 1995 1217 2047 aut
1257 1986 1698 2046 centurionibus
1749 1984 1869 2044 suis
1902 1983 2332 2055 committebat,
2369 2001 2560 2062 neque
2611 2002 2692 2043 ex

783 2081 1062 2144 institutis
1086 2094 1189 2144 aut
1214 2084 1475 2144 moribus
1495 2082 1829 2153 civitatum,
1857 2101 2047 2161 neque
2074 2080 2132 2140 in
2173 2079 2498 2159 legitimum
2537 2089 2694 2140 tem-

785 2201 916 2261 pus,
941 2180 1046 2241 sed
1088 2179 1386 2261 quomodo
1423 2189 1486 2240 et
1511 2179 1712 2260 quoad
1755 2179 1865 2261 ipsi
1903 2178 2238 2260 placuisset.
2325 2177 2487 2239 Lites
2511 2185 2695 2257 atque

783 2280 1228 2350 controversias,
1243 2276 1729 2360 publicorumque
1749 2278 2110 2356 negotiorum
2122 2274 2693 2336 administrationem

783 2395 1015 2437 omnem
1040 2375 1118 2436 ad
1156 2397 1218 2436 se
1242 2384 1528 2447 nexerat,
1556 2375 1838 2457 pleraque
1880 2373 2271 2435 familiaribus
2295 2373 2692 2445 committens,

782 2492 930 2552 quos
947 2473 1210 2533 habebat
1234 2472 1485 2534 avaritia
1526 2472 1881 2551 luxuriaque
1910 2470 2315 2542 detestabiles,
2344 2470 2448 2550 qui
2473 2490 2693 2549 cogen-

781 2568 877 2628 dis
925 2591 1029 2651 per
1067 2569 1356 2650 flagitium
1393 2570 1823 2651 perdendisque
1869 2569 2136 2650 pecuniis
2181 2569 2404 2679 pariter
2454 2569 2690 2640 intenti,

781 2666 924 2727 dum
949 2667 1182 2728 libidini
1208 2686 1331 2727 suae
1356 2666 1784 2737 satisfacerent,
1802 2670 1908 2747 jus
1941 2668 2331 2778 injuriamque
2359 2667 2418 2725 in
2447 2665 2694 2747 promis-

780 2785 895 2825 cuo
920 2765 1240 2827 habebant.
1326 2764 1584 2826 Irritatis
1610 2767 1689 2826 ob
1733 2765 1862 2825 haec
1898 2765 2130 2835 animis,
2158 2784 2413 2823 mussare
2438 2764 2690 2844 primun

781 2861 1067 2932 homines,
1091 2882 1231 2923 mox
1259 2862 1461 2943 palam
1484 2863 1650 2942 queri
1674 2883 1689 2922 ε
1737 2872 1754 2898 ‘
1777 2862 1901 2923 Cur
1921 2862 2098 2939 igitur
2132 2861 2340 2942 prioris
2356 2869 2545 2921 status
2569 2882 2689 2941 poe-

783 2957 1071 3029 nituisset,
1091 2960 1141 3019 si
1167 2978 1324 3020 nunc
1347 2960 1529 3020 etiam
1556 2959 1868 3021 toleranda
1912 2957 2123 3019 eadem
2165 2957 2399 3019 forent?
2444 2956 2694 3019 Frustra

779 3063 1055 3115 vocatum
1079 3064 1498 3137 receptumque
1521 3056 1844 3137 Pyrrhum,
1860 3056 1911 3117 si
1936 3054 2172 3116 studeat
2188 3054 2451 3114 aemulari
2476 3075 2691 3127 mores,

780 3170 929 3230 quos
961 3152 1266 3233 puniturus
1290 3152 1660 3215 advenisset:
1704 3174 1897 3233 neque
1939 3154 2222 3213 acriorem
2248 3151 2429 3213 ullius
2455 3152 2689 3232 injurie

777 3268 1010 3310 sensum
1049 3270 1199 3322 esse,
1226 3270 1406 3330 quam
1443 3252 1618 3331 cujus
1657 3258 1863 3313 auctor
1902 3251 2214 3311 baberetur
2251 3249 2410 3310 idem
2433 3249 2563 3320 ille,
2585 3251 2690 3330 qui

778 3346 1000 3407 vindex
1026 3367 1152 3407 esse
1176 3347 1520 3411 debuisset.’

860 3450 960 3505 19.
1002 3443 1257 3526 Jamque
1273 3444 1441 3507 multi
1463 3444 1623 3506 haud
1639 3445 1886 3506 obscure
1905 3443 2164 3505 studium
2187 3463 2469 3505 novarum
2496 3463 2690 3504 rerum

778 3561 901 3623 prae
924 3562 987 3602 se
1007 3541 1308 3605 ferebant:
1348 3564 1488 3605 cum
1512 3543 1639 3616 ille,
1661 3542 1739 3605 ad
1755 3543 2012 3625 pessima
2033 3542 2413 3603 consiliorum
2439 3562 2688 3602 conver-

779 3659 899 3711 sus,
953 3660 1165 3719 augere
1215 3660 1425 3702 causas
1472 3641 1886 3712 offensionum,
1940 3660 2120 3720 quam
2164 3638 2376 3700 tollere
2435 3638 2649 3699 maluit
2670 3659 2690 3700 z

780 3738 975 3817 quasi,
1017 3736 1178 3818 quod
1218 3760 1324 3820 per
1368 3739 1717 3818 injustitiam
1767 3749 2077 3820 peccatum
2125 3737 2342 3810 fuerat,
2383 3736 2690 3798 emendari

780 3834 1009 3895 saevitia
1057 3845 1271 3916 posset.
1382 3835 1625 3897 Interea
1675 3835 2211 3915 Carthaginienses,
2279 3833 2694 3897 animadverso

780 3953 979 4013 regem
1003 3936 1248 4017 propriis
1270 3936 1495 3997 viribus
1517 3936 1677 3997 haud
1702 3957 1844 3998 sane
1861 3936 2150 4007 validum,
2177 3934 2442 4015 quotidie
2461 3935 2689 3996 minore

782 4029 942 4110 apud
968 4029 1203 4094 Siculos
1240 4032 1458 4094 affectu
1477 4034 1704 4107 baberi,
1745 4035 1928 4095 erecti
1963 4035 2025 4094 in
2068 4052 2231 4115 spem
2270 4032 2689 4114 recuperanda

781 4127 1122 4208 provinciae,
1149 4150 1365 4191 novum
1407 4132 1733 4193 exercitum
1767 4132 2080 4201 miser-ann
2127 4131 2458 4211 panimque
2491 4138 2687 4190 trans-

780 4223 1139 4305 fugientibus
1162 4228 1265 4308 qui
1285 4227 1505 4310 Pyrrhi
1530 4229 1817 4293 sevitiam
1831 4227 2513 4313 ωοωεὴαιιωιθςοάιιω
2533 4225 2686 4309 Epi-
