3025 4892
1068 359 1212 412 ms.
1260 361 1492 411 xxiv.
1537 363 1704 412 οη.
1746 348 1856 413 17.
2385 352 2563 419 2015

358 509 625 590 turqne.
713 504 946 588 Digna
970 525 1082 572 res
1115 505 1291 584 visa,
1322 513 1397 573 ut
1439 508 1872 573 simulacrum
1900 508 2217 576 celebrati
2245 511 2394 596 ejus
2424 515 2565 585 diei

357 608 730 688 Gracchus,
755 615 1112 695 postquam
1160 609 1452 676 Romam
1497 612 1721 688 rediit,
1768 611 1955 695 pingi
1990 613 2259 697 juberet
2295 617 2367 681 iu
2413 618 2562 684 ae-de

360 712 747 792 Libertatis,
777 733 980 798 quam
1001 718 1192 799 pater
1219 714 1366 799 ejus
1397 716 1462 778 in
1493 714 1835 780 Aventino
1880 734 1971 779 ex
2011 716 2408 785 mulctatitia
2439 741 2559 805 pe·

358 817 562 881 cunia
590 816 962 882 faciendam
995 815 1258 881 curavit
1288 816 1785 900 dedicavitque.

442 919 551 984 17.
596 918 778 984 Dum
810 920 954 984 baec
985 919 1072 984 ad
1096 918 1547 985 Beneventum
1580 929 1912 1002 geruntur,
1959 922 2322 1003 Hannibal,
2354 924 2559 1010 depo·

352 1022 628 1105 pulatus
671 1041 900 1105 agrum
954 1022 1510 1106 Neapolitanum,
1561 1023 1648 1088 ad
1714 1022 1961 1090 Nolam
2022 1035 2245 1092 castra
2300 1037 2557 1095 movet.

354 1122 581 1203 Quem
615 1126 730 1190 ubi
754 1124 1114 1190 adventare
1145 1125 1387 1190 consul
1420 1128 1660 1203 sensit,
1688 1126 2070 1211 Pomponio
2100 1137 2512 1214 propraetore
2536 1128 2560 1168 f

350 1247 500 1292 cum
524 1246 610 1293 eo
639 1228 960 1306 exercitu,
1001 1228 1118 1313 qui
1148 1249 1353 1313 super
1381 1229 1776 1296 Suessulam
1808 1232 1873 1295 in
1904 1232 2143 1297 castris
2172 1241 2337 1311 erat,
2370 1234 2555 1300 aeci-

348 1339 441 1407 to,
479 1330 577 1395 ire
621 1332 885 1396 obviam
920 1333 1100 1397 hosti
1143 1338 1355 1416 parat,
1398 1353 1518 1398 nec
1558 1353 1811 1400 moram
1843 1335 2211 1401 dimicandi
2255 1336 2551 1402 facere.¹¹
2582 1382 2703 1455 4!

350 1433 432 1498 C.
476 1432 835 1500 Claudium
870 1434 1203 1502 Neronem
1237 1457 1387 1502 eum
1419 1438 1659 1502 robore
1690 1438 1991 1522 equitum
2024 1437 2297 1504 silentio
2324 1441 2551 1505 noctis

346 1556 470 1621 per
496 1555 808 1602 aversam
843 1539 1140 1604 maxime
1168 1540 1255 1604 ab
1296 1540 1494 1605 hoste
1525 1549 1780 1623 portam
1819 1542 2099 1621 emittit;
2144 1543 2552 1609 circumvec-

335 1642 627 1723 'tumque
656 1640 928 1706 occulte
957 1643 1279 1726 subsequi
1308 1643 1557 1708 sensim
1598 1662 1833 1726 agmen
1877 1643 2166 1710 hostium
2206 1643 2427 1728 jubet,
2457 1651 2551 1724 et,

344 1762 498 1807 cum
548 1753 851 1808 coortum
898 1743 1200 1828 praelium
1236 1744 1571 1823 videret,¹²
1616 1748 1702 1810 ab
1734 1752 1917 1827 tergo
1947 1766 2022 1810 se
2063 1746 2373 1831 objicere.
2464 1747 2551 1812 ld

342 1864 567 1909 errore
617 1848 900 1925 viarum,
953 1866 1042 1911 an
1086 1848 1459 1930 exiguitate
1507 1849 1852 1931 temporis,
1885 1848 2072 1914 Nero
2116 1851 2366 1933 exequi
2416 1869 2553 1917 non

340 1950 670 2032 potuerit,
704 1951 1024 2015 incertum
1054 1955 1178 2016 est.
1271 1950 1572 2015 Absente
1591 1971 1675 2014 eo
1707 1972 1858 2016 cum
1891 1950 2203 2035 praelium
2232 1954 2550 2019 commis-

341 2070 495 2116 sum
546 2060 750 2130 esset,
800 2053 1103 2136 superior
1157 2052 1430 2138 quidem
1476 2053 1659 2119 haud
1709 2053 1911 2119 dubie
1961 2054 2313 2119 Romanus
2365 2062 2545 2122 erat:

340 2157 489 2233 sed,
518 2158 680 2242 quia
709 2158 976 2242 equites
1006 2177 1136 2221 uon
1161 2157 1416 2222 affuere
1444 2158 1513 2222 in
1562 2166 1892 2243 tempore,
1922 2159 2095 2224 ratio
2142 2158 2545 2242 compositae

336 2262 433 2323 rei
477 2260 746 2325 turbata
790 2261 948 2326 est!
1034 2261 1195 2326 Non
1249 2280 1464 2326 ausus
1508 2263 1769 2345 insequi
1802 2260 2121 2326 cedentes
2151 2258 2544 2338 Marcellum

338 2362 760 2428 vincentibus
807 2365 954 2429 suis
1001 2365 1263 2447 signum
1306 2365 1605 2450 receptui
1651 2363 1860 2428 dedit.
1951 2362 2123 2428 Plus
2154 2369 2373 2427 tamen
2405 2361 2542 2429 duo

332 2466 548 2530 millia
597 2465 884 2531 bostium
936 2486 1021 2531 eo
1065 2466 1177 2530 die
1222 2485 1408 2531 caesa
1453 2466 1840 2532 traduntur:
1910 2464 2270 2531 Romani¹³
2322 2462 2543 2529 minus

333 2568 920 2653 quadringentis.¹⁴
1006 2568 1187 2634 Solis
1229 2569 1367 2634 sere
1398 2588 1646 2634 occasu
1690 2568 1907 2647 Neu-0,
1940 2569 2115 2634 diem
2149 2574 2542 2650 noctemque

332 2672 786 2756 nequicquam
816 2672 1121 2754 fatigatis
1158 2673 1356 2755 equis
1399 2672 1936 2755 hominibusque,
1963 2691 2047 2735 ne
2081 2672 2232 2735 viso
2267 2669 2543 2755 quidem

333 2775 527 2840 hoste
568 2775 860 2854 rediens,
892 2775 1069 2839 adeo
1101 2776 1386 2857 graviter
1413 2783 1512 2839 est
1544 2776 1630 2839 ab
1675 2774 1955 2840 consule
1987 2774 2439 2857 increpitus,¹5
2468 2777 2542 2837 ut

333 2897 460 2961 per
502 2897 653 2942 eum
703 2879 977 2944 stetisse
1025 2877 1304 2956 diceret,
1351 2897 1485 2962 qno
1529 2879 1751 2941 miuus
1796 2885 2083 2961 accepta
2139 2877 2226 2941 ad
2269 2874 2538 2940 Cannas

332 2980 710 3046 redderetur
751 2982 931 3046 hosti
981 2980 1234 3048 clades.
1321 2981 1612 3046 Postero
1659 2980 1771 3044 die
1818 2977 2169 3044 Romanus
2211 2978 2281 3042 in
2322 2977 2539 3044 aciem

395 3182 424 3217 θ
456 3184 776 3235 Pau-turbam
793 3188 865 3234 ent
885 3184 1050 3233 mod-⁸
1069 3180 1142 3233 rei
1156 3185 1441 3247 peragenda
1457 3185 1599 3247 prout
1618 3191 1916 3232 convenerat.

1247 3330 1303 3348 Ὀ
1310 3329 1609 3350 “omoeoo

407 3451 461 3497 ll
500 3446 586 3496 ΑΙ.
619 3462 678 3497 ne
716 3460 896 3497 moram
932 3444 1192 3494 dimicandi
1211 3441 1553 3502 faceret.—l2
1581 3441 1703 3491 Vet.
1738 3442 1829 3491 lib.
1870 3455 1956 3505 ap.
1990 3441 2167 3502 sigon.
2199 3455 2302 3489 ciem
2333 3444 2534 3501 ceptum

324 3514 490 3590 pra-lio
524 3512 852 3563 viderem—is
886 3510 1019 3561 Edd.
1043 3516 1171 3559 vett.
1208 3509 1545 3558 Romanor-um.
1611 3508 1742 3557 Mu.
1771 3505 2150 3556 Romania—14
2186 3506 2201 3532 ⁴
2229 3506 2386 3554 Forte
2417 3519 2532 3567 quu-

322 3579 589 3641 drnigenti,
627 3587 683 3626 ut
722 3576 739 3604 ‘
769 3579 882 3639 plns
917 3576 1020 3626 duo
1056 3573 1246 3636 millia}
1270 3587 1412 3622 more
1438 3573 1589 3634 Livii,
1614 3585 1711 3623 nec
1737 3581 1910 3622 tannen
1937 3568 2226 3636 perpetuo.’
2264 3570 2532 3633 stupet-1.—

331 3649 392 3697 1⁵
429 3640 712 3707 &crepam
733 3641 869 3693 Edd.
895 3649 1020 3691 vett.
1046 3650 1101 3691 et
1126 3640 1252 3690 Mas.
1276 3639 1528 3689 nonnulli.

1318 3785 1532 3839 NOTAE

320 3898 596 3959 gesseruut
626 3887 1001 3940 accumbebant
1031 3901 1254 3937 mense:
1293 3886 1388 3934 rni-
1464 3885 1758 3950 epulantur.

320 3987 419 4025 nus
448 3968 615 4020 fortes
635 3967 865 4025 stabant,
887 3966 1103 4031 aliisque
1132 3964 1387 4014 ministra·
1532 3959 1551 3995 ¹
1579 3958 1841 4025 Pomponio
1870 3956 2178 4022 premiere]
2212 3955 2266 4005 1⁸
2300 3970 2418 4019 cap.
2449 3960 2528 4006 10.

319 4050 469 4108 bant,
501 4044 786 4110 eodemque
822 4053 1060 4106 tempore
1091 4041 1266 4092 eibum
1302 4055 1384 4090 sn·
1456 4038 1636 4102 jussus
1655 4036 1829 4086 fuerat
1850 4034 1995 4083 initio
2015 4031 2164 4097 hujus
2186 4032 2305 4081 anni
2326 4033 2381 4080 in
2402 4044 2528 4094 agro

317 4124 534 4172 ruebant
554 4137 669 4171 cnm
696 4122 844 4173 aliisi
887 4128 946 4171 ut
967 4119 1224 4185 hodieque
1247 4118 1381 4183 apud
1465 4114 1672 4166 Gallico
1705 4126 1940 4163 maneret
1986 4111 2109 4159 inde
2138 4110 2353 4159 Romam
2390 4110 2526 4161 acci-

318 4200 548 4249 Polonos
583 4198 760 4248 famuli
791 4213 925 4263 poue
960 4204 1182 4260 stantes,
1202 4196 1383 4247 eodem
1468 4201 1578 4243 tum
1609 4190 1770 4240 fnisse
1802 4194 2030 4253 oportet,
2054 4194 2250 4236 etcum
2272 4185 2525 4236 Marcello

317 4286 560 4343 tempore
616 4292 734 4329 cuin
793 4276 1014 4328 dominis
1066 4274 1385 4340 sedentibus,
1464 4270 1749 4323 consulein
1772 4266 2109 4333 Campaniam
2132 4262 2445 4330 profectum.
