3025 4892
906 406 1115 462 unm
1166 405 1307 460 xx.
1348 405 1997 458 supersum-run.
2369 389 2545 466 1648

326 548 628 628 quievere,
656 546 846 608 donec
865 549 1135 609 consules
1156 550 1354 609 statim
1378 549 1697 610 secundum
1722 514 2082 630 triumphum
2108 547 2209 607 ab·
2236 555 2370 607 Plut.

324 644 528 704 dicare
552 653 688 704 sunt
710 645 923 705 coacti.
963 645 1114 706 Pari
1138 646 1450 706 severitate
1484 648 1594 705 sub
1631 645 1787 705 idem
1823 645 1947 707 sere
1986 654 2216 726 tempus
2270 644 2386 694 Val.
2404 646 2541 702 Mar.

326 741 440 800 viri
465 740 771 800 clarissimi
801 739 923 801 duo
946 742 1260 802 sacerdotii
1286 742 1505 804 honore
1533 752 1883 802 caruerunt:
1930 739 2025 802 Μ.
2065 739 2214 801 Cor·
2239 715 2374 825 ἰῇἒξ
2376 717 2426 763 ‘²‘

327 835 521 896 uelius
547 836 869 915 Cethegus,
910 839 1068 898 extis
1098 858 1215 902 nou
1259 839 1367 897 rite
1410 838 1728 919 porrectis3
1773 837 1859 904 Ο.
1892 836 2216 917 Sulpicius,

324 931 490 1010 quod
531 933 683 992 inter
721 932 1175 995 sacrificandum
1215 953 1370 1014 apex
1413 935 1470 994 ei
1508 933 1588 993 de
1625 935 1824 1015 capite
1866 932 2217 993 defluxerat.

328 1026 489 1087 Cum
524 1030 868 1107 magistratu
918 1028 1190 1090 consules
1230 1031 1572 1101 abivissent‚
1613 1031 1856 1089 comitia
1891 1048 1996 1109 per
2038 1029 2218 1094 inter-

326 1142 525 1201 regem
567 1133 708 1184 suut
744 1125 975 1197 habita,
1024 1127 1240 1208 quibus
1287 1124 1492 1187 consul
1543 1124 1739 1188 factus
1784 1124 1878 1184 Μ.
1925 1122 2219 1184 Claudius

332 1217 428 1279 Μ.
453 1218 527 1278 F.
551 1219 645 1279 M.
672 1218 763 1279 N.
792 1219 1142 1293 Marcellus,
1140 1231 1170 1270 θ’
1209 1224 1313 1303 qui
1356 1224 1702 1300 magistratu
1746 1221 1895 1281 inito
1926 1219 2218 1302 collegam

328 1315 541 1376 ascivit
567 1314 683 1376 Cn.
711 1315 1056 1377 Cornelium
1098 1317 1168 1377 L.
1203 1318 1275 1379 F.
1314 1318 1383 1378 L.
1418 1315 1510 1378 N.
1568 1316 1908 1398 Scipionem
1937 1314 2218 1377 Calvum.

331 1410 427 1471 Hi
469 1431 683 1492 pacem
715 1414 1052 1493 petentibus
1091 1412 1441 1474 Insubribus
1473 1414 1758 1486 restitere,
1801 1412 1894 1473 Μ.
1924 1410 2220 1471 Marcello
2275 1414 2347 1464 Ρο
2319 1413 2500 1480 00115b

327 1508 694 1587 potissimum
716 1509 1041 1592 cupiditate
1076 1511 1394 1591 provinciae
1435 1510 1834 1590 triumphique
1860 1483 2306 1568 conditiones⁸⁴
2242 1543 2377 1594 Plut

327 1624 532 1664 omnes
570 1614 954 1685 aspernante:
996 1607 1102 1667 sed
1145 1617 1209 1670 et
1253 1608 1367 1688 ipsi
1412 1605 1588 1666 Galli
1634 1605 1780 1665 belli
1824 1606 2020 1685 potius
2043 1622 2219 1685 quam

327 1701 436 1760 otii
461 1702 714 1762 consilia
745 1711 997 1763 tractare
1032 1703 1407 1775 videbantur,
1443 1722 1580 1762 cum
1604 1700 1681 1762 de
1707 1702 1931 1779 integro
1955 1699 2222 1760 mercede
2246 1718 2422 1783 Polyb.

326 1796 624 1859 conducta
665 1797 1041 1860 Gaesatarum
1088 1800 1335 1879 triginta
1383 1798 1578 1858 millia
1628 1797 1919 1878 superatis
1958 1795 2225 1877 Alpibus
2247 1817 2383 1868 Plut.

329 1892 505 1973 louge
529 1895 811 1973 majorem
833 1894 1170 1957 Insubrium
1195 1894 1634 1956 multitudinem
1655 1893 2060 1954 concivissent.

395 1996 501 2051 52.
528 1990 709 2051 Bello
722 1992 810 2052 sic
825 2001 1056 2065 exorto,
1083 1990 1327 2074 profecti
1351 1992 1542 2072 primo
1557 2010 1692 2051 vere
1718 1988 2010 2059 consules,
2031 1986 2222 2048 Acer·
2245 1994 2425 2063 Polyb.

324 2103 426 2146 ras
466 2086 779 2167 (oppidum
811 2096 900 2150 est
934 2089 1085 2152 inter
1111 2086 1354 2149 Padum
1379 2096 1443 2146 et
1464 2086 1687 2167 Alpes)
1708 2082 2223 2145 circumsederunt.

323 2181 526 2260 Cujus
543 2183 848 2244 obsidione
862 2203 999 2245 cum
1008 2183 1309 2266 depellere
1323 2181 1634 2244 Romanos
1650 2180 1890 2242 difficile
1909 2179 2224 2250 videretur,

325 2277 703 2339 Britomams
719 2288 974 2340 assumta
987 2280 1193 2340 decem
1211 2279 1465 2340 millium
1478 2278 1532 2337 G
1543 2285 1853 2338 aesatarum
1865 2296 2067 2347 manu,
2082 2275 2221 2335 cir·
2249 2289 2384 2342 Pldt.

319 2373 765 2455 cumpadauam
814 2376 1112 2454 regionem
1149 2384 1381 2436 vestare
1436 2374 1722 2434 instituitt
1765 2391 1885 2451 quo
1925 2379 2223 2450 comperto
2249 2387 2416 2438 zonat.

320 2470 605 2531 consules
629 2471 717 2530 ita
745 2472 900 2533 inter
923 2492 986 2534 se
1010 2472 1213 2553 partiti
1238 2479 1377 2532 sunt
1400 2472 1629 2552 copias,
1666 2478 1733 2529 ut
1769 2467 1885 2527 Cn.
1916 2465 2227 2526 Cornelius
2250 2483 2382 2533 Plut.

321 2586 470 2628 cum
510 2567 771 2629 exercitu
801 2568 1028 2650 reliquo
1068 2577 1300 2646 urgeret
1323 2566 1728 2634 obsidionem;
1774 2563 1867 2624 M.
1899 2561 2228 2622 Marcellus

321 2661 485 2724 duas
502 2672 700 2743 partes
721 2665 987 2745 equitum
1012 2673 1087 2725 et‘
1098 2663 1360 2724 delectos
1398 2682 1476 2722 ex
1518 2662 1638 2722 levi
1663 2668 1961 2721 armatura
1983 2657 2226 2729 ducens,

322 2759 507 2818 sociis
530 2769 911 2820 succurreret.
975 2758 1223 2839 Delegit
1240 2758 1746 2839 expeditissimum
1765 2774 2080 2835 quemque,
2109 2773 2225 2814 non

324 2854 495 2914 ultra
518 2865 861 2917 sexcentos}
902 2876 1038 2917 eum
1075 2856 1166 2916 his
1202 2866 1265 2916 et
1288 2855 1586 2936 equitibus
1608 2854 1751 2924 suis,
1791 2871 1906 2912 nou
1946 2850 2067 2921 die,
2109 2869 2226 2910 non

326 2961 506 3011 nocte
532 2951 857 3012 intermisso
894 2951 1123 3025 itinere,
1164 2950 1470 3013 contendit
1501 2949 1579 3009 ad
1622 2950 1853 3010 hostes:
1896 2967 2046 3028 quos
2067 2945 2229 3007 circa

329 3046 697 3108 Clastidium
723 3046 991 3129 adeptus,
1019 3048 1356 3130 priusquam
1376 3045 1617 3107 reficere
1642 3065 1778 3105 suos
1795 3044 1991 3124 quiete
2011 3048 2227 3123 posset,

328 3142 578 3204 adortum
620 3152 731 3216 est,
756 3163 872 3204 uon
910 3144 1216 3205 voluntate
1261 3163 1388 3215 sua,
1433 3142 1537 3203 sed
1580 3140 1800 3202 ferocia
1831 3139 2227 3208 Gaesatarum,

326 3240 437 3319 qui
464 3260 709 3299 numero
735 3241 986 3321 potiores
1019 3249 1081 3301 et
1114 3240 1398 3320 equestris
1422 3238 1653 3299 militiae
1685 3236 2078 3318 principatum
2116 3233 2229 3292 sibi

327 3334 727 3408 vindicantes,
772 3336 978 3396 audito
1002 3356 1222 3417 paucos
1248 3334 1465 3395 adduci
1492 3334 1720 3414 pedites
1744 3353 1783 3393 a
1804 3329 2068 3402 consule,
2096 3349 2229 3410 pro-

328 3432 494 3492 tinm
520 3430 598 3491 ad
614 3430 999 3493 obterendum
1025 3452 1182 3504 eum,
1208 3431 1423 3494 omissa
1442 3428 1724 3491 Clastidii
1744 3426 2067 3498 obsidione,
2096 3444 2227 3506 pro-
2253 3442 2428 3509 Polyb.

330 3538 640 3608 ruperunt·
1835 3574 1853 3586 θ
2254 3509 2390 3558 Plut.
2467 3601 2468 3604 Ἴ

416 3629 519 3683 63.
565 3623 661 3683 Μ.
679 3624 1017 3692 ,Marcellus
1041 3625 1167 3686 acie
1204 3626 1265 3685 in
1301 3623 1542 3703 longum
1569 3630 1858 3703 porrecta,
1887 3640 1960 3680 ne
1979 3619 2230 3679 circum-

332 3720 634 3780 veniretur
649 3721 728 3780 ab
743 3721 998 3782 hostium
1016 3719 1416 3790 multitudine,
1444 3718 1646 3778 Gallis
1664 3716 1942 3798 processit
1955 3715 2195 3774 obviam
2213 3731 2229 3773 ε

336 3836 531 3896 neque
576 3816 751 3894 longe
798 3819 1044 3880 aberant
1081 3817 1334 3878 invicem
1379 3816 1558 3887 acies,
1605 3833 1742 3874 cum
1774 3813 1907 3890 jam
1952 3811 2231 3890 impetum

332 3911 534 3972 facere
574 3912 911 3972 molientem
936 3933 1123 3994 equus
1145 3913 1400 3974 clamore
1436 3919 1730 3991 cantuque
1770 3907 2084 3969 Gallorum
2124 3923 2230 3963 ex·-

336 4009 574 4070 ten-itus
620 4009 898 4091 abripuit,
941 4018 1003 4068 et
1041 4017 1351 4069 retrorsum
1393 4006 1551 4068 tulit.
1636 4004 1737 4065 Ibi
1773 4002 1976 4066 consul
2015 4000 2138 4064 veri
2141 4008 2234 4060 tus
2258 3955 2558 4073 ⁵Front
2482 3971 2536 4004 Π

871 4241 898 4276 r
931 4234 996 4282 A.
1019 4233 1085 4285 U.
1109 4234 1169 4284 C.
1193 4236 1309 4284 5³⁰.
1342 4231 1409 4283 Α.
1432 4232 1493 4286 C·
1517 4235 1633 4283 222.
