<?xml version="1.0" encoding="UTF-8"?>
<!DOCTYPE html PUBLIC "-//W3C//DTD XHTML 1.0 Transitional//EN"
    "http://www.w3.org/TR/xhtml1/DTD/xhtml1-transitional.dtd">
<html xmlns="http://www.w3.org/1999/xhtml" xml:lang="en" lang="en">
 <head>
  <title>
</title>
<meta http-equiv="Content-Type" content="text/html;charset=utf-8" />
  <meta name='ocr-system' content='tesseract 3.04.00' />
  <meta name='ocr-capabilities' content='ocr_page ocr_carea ocr_par ocr_line ocrx_word'/>
</head>
<body>
  <div class='ocr_page' id='page_1' title='image "./tliviipatavinih04unkngoog_0538.png"; bbox 0 0 3025 4892; ppageno 0'>
   <div class='ocr_carea' id='block_1_1' title="bbox 525 322 1763 391">
    <p class='ocr_par' dir='ltr' id='par_1_1' title="bbox 525 322 1763 391">
     <span class='ocr_line' id='line_1_1' title="bbox 525 322 1763 391; baseline -0.003 -2"><span class='ocrx_word' id='word_1_1' title='bbox 525 322 694 391; x_wconf 79' lang='lat'>1914</span> <span class='ocrx_word' id='word_1_2' title='bbox 1456 338 1524 385; x_wconf 77' lang='grc' dir='ltr'>τ.</span> <span class='ocrx_word' id='word_1_3' title='bbox 1577 336 1763 386; x_wconf 79' lang='grc' dir='ltr'>ιινιι</span> 
     </span>
    </p>
   </div>
   <div class='ocr_carea' id='block_1_2' title="bbox 515 481 2725 3346">
    <p class='ocr_par' dir='ltr' id='par_1_2' title="bbox 515 481 2725 2424">
     <span class='ocr_line' id='line_1_2' title="bbox 520 481 2716 569; baseline -0.002 -19"><span class='ocrx_word' id='word_1_4' title='bbox 520 492 623 551; x_wconf 88' lang='lat' dir='ltr'>tor</span> <span class='ocrx_word' id='word_1_5' title='bbox 652 485 986 549; x_wconf 84' lang='lat' dir='ltr'>cernebat.</span> <span class='ocrx_word' id='word_1_6' title='bbox 1072 482 1408 562; x_wconf 87' lang='lat' dir='ltr'>Ceterum,</span> <span class='ocrx_word' id='word_1_7' title='bbox 1453 504 1604 550; x_wconf 87' lang='lat' dir='ltr'>cum</span> <span class='ocrx_word' id='word_1_8' title='bbox 1643 493 1765 549; x_wconf 88' lang='lat' dir='ltr'>aut</span> <span class='ocrx_word' id='word_1_9' title='bbox 1805 503 2008 569; x_wconf 88' lang='lat' dir='ltr'>poena</span> <span class='ocrx_word' id='word_1_10' title='bbox 2054 481 2476 549; x_wconf 84' lang='lat' dir='ltr'>cohibendus</span> <span class='ocrx_word' id='word_1_11' title='bbox 2514 486 2716 559; x_wconf 77' lang='lat' dir='ltr'>esset,</span> 
     </span>
     <span class='ocr_line' id='line_1_3' title="bbox 519 584 2716 671; baseline -0.002 -19"><span class='ocrx_word' id='word_1_12' title='bbox 519 595 639 653; x_wconf 88' lang='lat' dir='ltr'>aut</span> <span class='ocrx_word' id='word_1_13' title='bbox 694 587 1023 653; x_wconf 89' lang='lat' dir='ltr'>beneficio</span> <span class='ocrx_word' id='word_1_14' title='bbox 1075 588 1564 665; x_wconf 62' lang='lat' dir='ltr'>conciliandus„</span> <span class='ocrx_word' id='word_1_15' title='bbox 1614 587 1746 652; x_wconf 89' lang='lat' dir='ltr'>sibi</span> <span class='ocrx_word' id='word_1_16' title='bbox 1801 587 2226 667; x_wconf 82' lang='lat' dir='ltr'>assumsisse,</span> <span class='ocrx_word' id='word_1_17' title='bbox 2275 605 2482 671; x_wconf 88' lang='lat' dir='ltr'>quam</span> <span class='ocrx_word' id='word_1_18' title='bbox 2533 584 2716 649; x_wconf 83' lang='lat' dir='ltr'>hosti</span> 
     </span>
     <span class='ocr_line' id='line_1_4' title="bbox 520 689 2722 771; baseline -0.003 -15"><span class='ocrx_word' id='word_1_19' title='bbox 520 691 881 770; x_wconf 82' lang='lat' dir='ltr'>ademisse,</span> <span class='ocrx_word' id='word_1_20' title='bbox 922 691 1162 756; x_wconf 81' lang='lat' dir='ltr'>fortem</span> <span class='ocrx_word' id='word_1_21' title='bbox 1202 711 1287 758; x_wconf 89' lang='lat' dir='ltr'>ac</span> <span class='ocrx_word' id='word_1_22' title='bbox 1337 698 1677 757; x_wconf 89' lang='lat' dir='ltr'>strenuum</span> <span class='ocrx_word' id='word_1_23' title='bbox 1704 691 1941 757; x_wconf 90' lang='lat' dir='ltr'>maluit</span> <span class='ocrx_word' id='word_1_24' title='bbox 1973 692 2256 769; x_wconf 88' lang='lat' dir='ltr'>socium,</span> <span class='ocrx_word' id='word_1_25' title='bbox 2286 689 2722 771; x_wconf 81' lang='lat' dir='ltr'>accitumque</span> 
     </span>
     <span class='ocr_line' id='line_1_5' title="bbox 521 793 2725 880; baseline -0.002 -21"><span class='ocrx_word' id='word_1_26' title='bbox 521 794 610 860; x_wconf 89' lang='lat' dir='ltr'>ad</span> <span class='ocrx_word' id='word_1_27' title='bbox 642 814 716 859; x_wconf 90' lang='lat' dir='ltr'>se</span> <span class='ocrx_word' id='word_1_28' title='bbox 759 794 1037 877; x_wconf 88' lang='lat' dir='ltr'>benigne</span> <span class='ocrx_word' id='word_1_29' title='bbox 1081 794 1422 880; x_wconf 86' lang='lat' dir='ltr'>appellat:</span> <span class='ocrx_word' id='word_1_30' title='bbox 1470 800 1491 830; x_wconf 88' lang='lat'>‘</span> <span class='ocrx_word' id='word_1_31' title='bbox 1518 794 1782 859; x_wconf 87' lang='lat' dir='ltr'>Multos</span> <span class='ocrx_word' id='word_1_32' title='bbox 1812 814 1965 860; x_wconf 90' lang='lat' dir='ltr'>eum</span> <span class='ocrx_word' id='word_1_33' title='bbox 1997 793 2265 860; x_wconf 82' lang='lat' dir='ltr'>invidos</span> <span class='ocrx_word' id='word_1_34' title='bbox 2295 793 2466 857; x_wconf 88' lang='lat' dir='ltr'>inter</span> <span class='ocrx_word' id='word_1_35' title='bbox 2496 809 2725 875; x_wconf 89' lang='lat' dir='ltr'>popu-</span> 
     </span>
     <span class='ocr_line' id='line_1_6' title="bbox 517 894 2722 982; baseline -0.002 -19"><span class='ocrx_word' id='word_1_36' title='bbox 517 900 696 964; x_wconf 86' lang='lat' dir='ltr'>lares</span> <span class='ocrx_word' id='word_1_37' title='bbox 726 897 988 976; x_wconf 88' lang='lat' dir='ltr'>habere,</span> <span class='ocrx_word' id='word_1_38' title='bbox 1018 897 1176 962; x_wconf 91' lang='lat' dir='ltr'>inde</span> <span class='ocrx_word' id='word_1_39' title='bbox 1218 899 1608 964; x_wconf 82' lang='lat' dir='ltr'>existimatu</span> <span class='ocrx_word' id='word_1_40' title='bbox 1646 899 1849 964; x_wconf 80' lang='lat' dir='ltr'>facile</span> <span class='ocrx_word' id='word_1_41' title='bbox 1894 917 2072 978; x_wconf 91' lang='lat' dir='ltr'>esse,</span> <span class='ocrx_word' id='word_1_42' title='bbox 2106 895 2287 982; x_wconf 92' lang='lat' dir='ltr'>quod</span> <span class='ocrx_word' id='word_1_43' title='bbox 2317 914 2514 960; x_wconf 86' lang='lat' dir='ltr'>nemo</span> <span class='ocrx_word' id='word_1_44' title='bbox 2545 894 2722 959; x_wconf 81' lang='lat' dir='ltr'>civis</span> 
     </span>
     <span class='ocr_line' id='line_1_7' title="bbox 520 997 2724 1088; baseline -0.001 -23"><span class='ocrx_word' id='word_1_45' title='bbox 520 998 836 1065; x_wconf 88' lang='lat' dir='ltr'>Nolanus</span> <span class='ocrx_word' id='word_1_46' title='bbox 864 999 999 1065; x_wconf 91' lang='lat' dir='ltr'>sibi</span> <span class='ocrx_word' id='word_1_47' title='bbox 1025 1000 1448 1075; x_wconf 85' lang='lat' dir='ltr'>indicaverit,</span> <span class='ocrx_word' id='word_1_48' title='bbox 1473 1021 1675 1086; x_wconf 88' lang='lat' dir='ltr'>quam</span> <span class='ocrx_word' id='word_1_49' title='bbox 1704 1002 1917 1067; x_wconf 87' lang='lat' dir='ltr'>multa</span> <span class='ocrx_word' id='word_1_50' title='bbox 1945 1002 2095 1088; x_wconf 88' lang='lat' dir='ltr'>ejus</span> <span class='ocrx_word' id='word_1_51' title='bbox 2124 1000 2387 1083; x_wconf 87' lang='lat' dir='ltr'>egregia</span> <span class='ocrx_word' id='word_1_52' title='bbox 2420 997 2724 1063; x_wconf 80' lang='lat' dir='ltr'>facinora</span> 
     </span>
     <span class='ocr_line' id='line_1_8' title="bbox 521 1101 2722 1188; baseline -0 -21"><span class='ocrx_word' id='word_1_53' title='bbox 521 1102 842 1168; x_wconf 87' lang='lat' dir='ltr'>militaria</span> <span class='ocrx_word' id='word_1_54' title='bbox 870 1110 1116 1168; x_wconf 85' lang='lat' dir='ltr'>essent.</span> <span class='ocrx_word' id='word_1_55' title='bbox 1201 1102 1359 1184; x_wconf 88' lang='lat' dir='ltr'>Sed,</span> <span class='ocrx_word' id='word_1_56' title='bbox 1401 1106 1522 1188; x_wconf 91' lang='lat' dir='ltr'>qui</span> <span class='ocrx_word' id='word_1_57' title='bbox 1559 1106 1625 1168; x_wconf 91' lang='lat' dir='ltr'>in</span> <span class='ocrx_word' id='word_1_58' title='bbox 1672 1104 2005 1171; x_wconf 87' lang='lat' dir='ltr'>Romanis</span> <span class='ocrx_word' id='word_1_59' title='bbox 2033 1102 2420 1169; x_wconf 87' lang='lat' dir='ltr'>militaverit</span> <span class='ocrx_word' id='word_1_60' title='bbox 2450 1101 2722 1178; x_wconf 79' lang='lat' dir='ltr'>castris,</span> 
     </span>
     <span class='ocr_line' id='line_1_9' title="bbox 518 1204 2724 1291; baseline -0.001 -21"><span class='ocrx_word' id='word_1_61' title='bbox 518 1225 651 1272; x_wconf 88' lang='lat' dir='ltr'>non</span> <span class='ocrx_word' id='word_1_62' title='bbox 696 1225 903 1291; x_wconf 86' lang='lat' dir='ltr'>posse</span> <span class='ocrx_word' id='word_1_63' title='bbox 932 1206 1291 1270; x_wconf 78' lang='lat' dir='ltr'>obscuram</span> <span class='ocrx_word' id='word_1_64' title='bbox 1338 1206 1488 1291; x_wconf 86' lang='lat' dir='ltr'>ejus</span> <span class='ocrx_word' id='word_1_65' title='bbox 1519 1208 1829 1273; x_wconf 80' lang='lat' dir='ltr'>virtutem</span> <span class='ocrx_word' id='word_1_66' title='bbox 1862 1226 2034 1274; x_wconf 87' lang='lat' dir='ltr'>esse.</span> <span class='ocrx_word' id='word_1_67' title='bbox 2126 1207 2387 1271; x_wconf 87' lang='lat' dir='ltr'>Multos</span> <span class='ocrx_word' id='word_1_68' title='bbox 2415 1204 2580 1282; x_wconf 91' lang='lat' dir='ltr'>sibi,</span> <span class='ocrx_word' id='word_1_69' title='bbox 2610 1205 2724 1289; x_wconf 88' lang='lat' dir='ltr'>qui</span> 
     </span>
     <span class='ocr_line' id='line_1_10' title="bbox 521 1308 2722 1396; baseline -0.001 -21"><span class='ocrx_word' id='word_1_70' title='bbox 521 1329 673 1375; x_wconf 91' lang='lat' dir='ltr'>cum</span> <span class='ocrx_word' id='word_1_71' title='bbox 709 1329 793 1375; x_wconf 92' lang='lat' dir='ltr'>eo</span> <span class='ocrx_word' id='word_1_72' title='bbox 835 1308 1172 1393; x_wconf 90' lang='lat' dir='ltr'>stipendia</span> <span class='ocrx_word' id='word_1_73' title='bbox 1220 1309 1517 1396; x_wconf 84' lang='lat' dir='ltr'>fecerint,</span> <span class='ocrx_word' id='word_1_74' title='bbox 1549 1311 1807 1390; x_wconf 81' lang='lat' dir='ltr'>referre,</span> <span class='ocrx_word' id='word_1_75' title='bbox 1853 1312 1972 1396; x_wconf 88' lang='lat' dir='ltr'>qui</span> <span class='ocrx_word' id='word_1_76' title='bbox 2002 1313 2104 1378; x_wconf 81' lang='lat' dir='ltr'>vir</span> <span class='ocrx_word' id='word_1_77' title='bbox 2140 1318 2325 1376; x_wconf 90' lang='lat' dir='ltr'>esset</span> <span class='ocrx_word' id='word_1_78' title='bbox 2355 1309 2495 1390; x_wconf 90' lang='lat' dir='ltr'>ille,</span> <span class='ocrx_word' id='word_1_79' title='bbox 2535 1327 2722 1392; x_wconf 82' lang='lat' dir='ltr'>quae·</span> 
     </span>
     <span class='ocr_line' id='line_1_11' title="bbox 520 1409 2722 1497; baseline -0.001 -22"><span class='ocrx_word' id='word_1_80' title='bbox 520 1431 653 1497; x_wconf 89' lang='lat' dir='ltr'>que</span> <span class='ocrx_word' id='word_1_81' title='bbox 692 1417 759 1478; x_wconf 88' lang='lat' dir='ltr'>et</span> <span class='ocrx_word' id='word_1_82' title='bbox 785 1413 1053 1496; x_wconf 87' lang='lat' dir='ltr'>quoties</span> <span class='ocrx_word' id='word_1_83' title='bbox 1082 1413 1389 1497; x_wconf 87' lang='lat' dir='ltr'>pericula</span> <span class='ocrx_word' id='word_1_84' title='bbox 1427 1432 1550 1496; x_wconf 91' lang='lat' dir='ltr'>pro</span> <span class='ocrx_word' id='word_1_85' title='bbox 1584 1415 1801 1479; x_wconf 84' lang='lat' dir='ltr'>salute</span> <span class='ocrx_word' id='word_1_86' title='bbox 1833 1433 1917 1479; x_wconf 88' lang='lat' dir='ltr'>ac</span> <span class='ocrx_word' id='word_1_87' title='bbox 1960 1413 2281 1496; x_wconf 80' lang='lat' dir='ltr'>dignitate</span> <span class='ocrx_word' id='word_1_88' title='bbox 2312 1410 2550 1496; x_wconf 90' lang='lat' dir='ltr'>populi</span> <span class='ocrx_word' id='word_1_89' title='bbox 2583 1409 2722 1473; x_wconf 89' lang='lat' dir='ltr'>Ro-</span> 
     </span>
     <span class='ocr_line' id='line_1_12' title="bbox 519 1514 2720 1600; baseline -0.001 -23"><span class='ocrx_word' id='word_1_90' title='bbox 519 1514 703 1580; x_wconf 87' lang='lat' dir='ltr'>mani</span> <span class='ocrx_word' id='word_1_91' title='bbox 749 1514 1047 1580; x_wconf 83' lang='lat' dir='ltr'>adisset:</span> <span class='ocrx_word' id='word_1_92' title='bbox 1106 1514 1342 1600; x_wconf 88' lang='lat' dir='ltr'>utique</span> <span class='ocrx_word' id='word_1_93' title='bbox 1387 1515 1730 1581; x_wconf 83' lang='lat' dir='ltr'>Cannensi</span> <span class='ocrx_word' id='word_1_94' title='bbox 1770 1515 2008 1600; x_wconf 80' lang='lat' dir='ltr'>praelio</span> <span class='ocrx_word' id='word_1_95' title='bbox 2050 1534 2184 1579; x_wconf 90' lang='lat' dir='ltr'>non</span> <span class='ocrx_word' id='word_1_96' title='bbox 2231 1515 2419 1599; x_wconf 84' lang='lat' dir='ltr'>prius</span> <span class='ocrx_word' id='word_1_97' title='bbox 2446 1517 2720 1597; x_wconf 79' lang='lat' dir='ltr'>pugna⁵</span> 
     </span>
     <span class='ocr_line' id='line_1_13' title="bbox 521 1614 2722 1704; baseline -0.001 -25"><span class='ocrx_word' id='word_1_98' title='bbox 521 1615 882 1693; x_wconf 86' lang='lat' dir='ltr'>abstiterit,</span> <span class='ocrx_word' id='word_1_99' title='bbox 934 1635 1134 1701; x_wconf 89' lang='lat' dir='ltr'>quam</span> <span class='ocrx_word' id='word_1_100' title='bbox 1178 1636 1390 1703; x_wconf 80' lang='lat' dir='ltr'>prope</span> <span class='ocrx_word' id='word_1_101' title='bbox 1432 1619 1797 1701; x_wconf 84' lang='lat' dir='ltr'>exsanguis</span> <span class='ocrx_word' id='word_1_102' title='bbox 1837 1619 2030 1684; x_wconf 87' lang='lat' dir='ltr'>ruina</span> <span class='ocrx_word' id='word_1_103' title='bbox 2082 1614 2722 1704; x_wconf 82' lang='lat' dir='ltr'>superincidentium</span> 
     </span>
     <span class='ocr_line' id='line_1_14' title="bbox 518 1716 2722 1806; baseline -0 -24"><span class='ocrx_word' id='word_1_104' title='bbox 518 1718 835 1798; x_wconf 86' lang='lat' dir='ltr'>virorum,</span> <span class='ocrx_word' id='word_1_105' title='bbox 883 1738 1229 1803; x_wconf 86' lang='lat' dir='ltr'>equorum,</span> <span class='ocrx_word' id='word_1_106' title='bbox 1274 1740 1743 1806; x_wconf 84' lang='lat' dir='ltr'>armorumque</span> <span class='ocrx_word' id='word_1_107' title='bbox 1804 1718 1945 1786; x_wconf 84' lang='lat' dir='ltr'>sit⁶</span> <span class='ocrx_word' id='word_1_108' title='bbox 2003 1739 2385 1806; x_wconf 87' lang='lat' dir='ltr'>oppressus.</span> <span class='ocrx_word' id='word_1_109' title='bbox 2475 1716 2722 1802; x_wconf 80' lang='lat' dir='ltr'>Itaque</span> 
     </span>
     <span class='ocr_line' id='line_1_15' title="bbox 518 1821 2722 1908; baseline 0.002 -24"><span class='ocrx_word' id='word_1_110' title='bbox 518 1826 740 1885; x_wconf 87' lang='lat' dir='ltr'>macte</span> <span class='ocrx_word' id='word_1_111' title='bbox 791 1822 1036 1886; x_wconf 80' lang='lat' dir='ltr'>virtute</span> <span class='ocrx_word' id='word_1_112' title='bbox 1084 1821 1278 1898; x_wconf 84' lang='lat' dir='ltr'>esto,’</span> <span class='ocrx_word' id='word_1_113' title='bbox 1322 1822 1561 1907; x_wconf 89' lang='lat' dir='ltr'>inquit.</span> <span class='ocrx_word' id='word_1_114' title='bbox 1651 1828 1672 1858; x_wconf 88' lang='lat'>‘</span> <span class='ocrx_word' id='word_1_115' title='bbox 1696 1822 1905 1908; x_wconf 88' lang='lat' dir='ltr'>Apud</span> <span class='ocrx_word' id='word_1_116' title='bbox 1951 1844 2061 1889; x_wconf 91' lang='lat' dir='ltr'>me</span> <span class='ocrx_word' id='word_1_117' title='bbox 2094 1823 2218 1890; x_wconf 89' lang='lat' dir='ltr'>tibi</span> <span class='ocrx_word' id='word_1_118' title='bbox 2257 1822 2479 1889; x_wconf 90' lang='lat' dir='ltr'>omnis</span> <span class='ocrx_word' id='word_1_119' title='bbox 2508 1823 2722 1889; x_wconf 82' lang='lat' dir='ltr'>honos</span> 
     </span>
     <span class='ocr_line' id='line_1_16' title="bbox 520 1924 2722 2014; baseline 0.002 -28"><span class='ocrx_word' id='word_1_120' title='bbox 520 1928 726 2007; x_wconf 82' lang='lat' dir='ltr'>atque</span> <span class='ocrx_word' id='word_1_121' title='bbox 784 1941 979 1989; x_wconf 88' lang='lat' dir='ltr'>omne</span> <span class='ocrx_word' id='word_1_122' title='bbox 1034 1924 1389 2008; x_wconf 76' lang='lat' dir='ltr'>praemium</span> <span class='ocrx_word' id='word_1_123' title='bbox 1435 1926 1599 1992; x_wconf 82' lang='lat' dir='ltr'>erit:</span> <span class='ocrx_word' id='word_1_124' title='bbox 1668 1935 1760 2005; x_wconf 89' lang='lat' dir='ltr'>et,</span> <span class='ocrx_word' id='word_1_125' title='bbox 1804 1947 1942 2012; x_wconf 88' lang='lat' dir='ltr'>quo</span> <span class='ocrx_word' id='word_1_126' title='bbox 1993 1926 2405 2014; x_wconf 82' lang='lat' dir='ltr'>frequentior</span> <span class='ocrx_word' id='word_1_127' title='bbox 2453 1945 2722 1992; x_wconf 88' lang='lat' dir='ltr'>mecum</span> 
     </span>
     <span class='ocr_line' id='line_1_17' title="bbox 516 2023 2720 2116; baseline 0.001 -24"><span class='ocrx_word' id='word_1_128' title='bbox 516 2023 745 2104; x_wconf 84' lang='lat' dir='ltr'>fueris,</span> <span class='ocrx_word' id='word_1_129' title='bbox 798 2026 1049 2092; x_wconf 87' lang='lat' dir='ltr'>senties</span> <span class='ocrx_word' id='word_1_130' title='bbox 1098 2046 1250 2093; x_wconf 91' lang='lat' dir='ltr'>eam</span> <span class='ocrx_word' id='word_1_131' title='bbox 1297 2047 1439 2093; x_wconf 89' lang='lat' dir='ltr'>rem</span> <span class='ocrx_word' id='word_1_132' title='bbox 1484 2028 1611 2093; x_wconf 90' lang='lat' dir='ltr'>tibi</span> <span class='ocrx_word' id='word_1_133' title='bbox 1663 2028 1971 2113; x_wconf 84' lang='lat' dir='ltr'>dignitati</span> <span class='ocrx_word' id='word_1_134' title='bbox 2029 2035 2227 2116; x_wconf 89' lang='lat' dir='ltr'>atque</span> <span class='ocrx_word' id='word_1_135' title='bbox 2271 2029 2720 2096; x_wconf 83' lang='lat' dir='ltr'>emolumento</span> 
     </span>
     <span class='ocr_line' id='line_1_18' title="bbox 518 2125 2722 2218; baseline 0.003 -27"><span class='ocrx_word' id='word_1_136' title='bbox 518 2125 718 2194; x_wconf 65' lang='lat' dir='ltr'>esse!</span> <span class='ocrx_word' id='word_1_137' title='bbox 804 2128 1132 2213; x_wconf 80' lang='lat' dir='ltr'>Loetoque</span> <span class='ocrx_word' id='word_1_138' title='bbox 1179 2128 1417 2214; x_wconf 84' lang='lat' dir='ltr'>juveni</span> <span class='ocrx_word' id='word_1_139' title='bbox 1473 2132 1827 2214; x_wconf 88' lang='lat' dir='ltr'>promissis</span> <span class='ocrx_word' id='word_1_140' title='bbox 1871 2151 2121 2218; x_wconf 89' lang='lat' dir='ltr'>equum</span> <span class='ocrx_word' id='word_1_141' title='bbox 2174 2132 2490 2199; x_wconf 81' lang='lat' dir='ltr'>eximium</span> <span class='ocrx_word' id='word_1_142' title='bbox 2548 2132 2722 2198; x_wconf 83' lang='lat' dir='ltr'>douo</span> 
     </span>
     <span class='ocr_line' id='line_1_19' title="bbox 520 2230 2719 2321; baseline 0.001 -26"><span class='ocrx_word' id='word_1_143' title='bbox 520 2230 662 2309; x_wconf 86' lang='lat' dir='ltr'>dat,</span> <span class='ocrx_word' id='word_1_144' title='bbox 706 2231 1112 2316; x_wconf 85' lang='lat' dir='ltr'>bigatosque</span> <span class='ocrx_word' id='word_1_145' title='bbox 1156 2234 1549 2317; x_wconf 85' lang='lat' dir='ltr'>quingentos</span> <span class='ocrx_word' id='word_1_146' title='bbox 1570 2244 1598 2284; x_wconf 72' lang='grc' dir='ltr'><strong>Ρ</strong></span> <span class='ocrx_word' id='word_1_147' title='bbox 1643 2240 2046 2321; x_wconf 79' lang='lat' dir='ltr'>quaestorem</span> <span class='ocrx_word' id='word_1_148' title='bbox 2095 2255 2439 2302; x_wconf 86' lang='lat' dir='ltr'>numerare</span> <span class='ocrx_word' id='word_1_149' title='bbox 2480 2235 2719 2321; x_wconf 84' lang='lat' dir='ltr'>jubet:</span> 
     </span>
     <span class='ocr_line' id='line_1_20' title="bbox 515 2332 2722 2424; baseline 0.002 -26"><span class='ocrx_word' id='word_1_150' title='bbox 515 2332 863 2400; x_wconf 85' lang='lat' dir='ltr'>lictoribus</span> <span class='ocrx_word' id='word_1_151' title='bbox 883 2334 1197 2419; x_wconf 88' lang='lat' dir='ltr'>imperat,</span> <span class='ocrx_word' id='word_1_152' title='bbox 1223 2344 1303 2402; x_wconf 88' lang='lat' dir='ltr'>ut</span> <span class='ocrx_word' id='word_1_153' title='bbox 1331 2357 1487 2403; x_wconf 89' lang='lat' dir='ltr'>eum</span> <span class='ocrx_word' id='word_1_154' title='bbox 1518 2356 1593 2402; x_wconf 89' lang='lat' dir='ltr'>se</span> <span class='ocrx_word' id='word_1_155' title='bbox 1623 2338 1833 2416; x_wconf 87' lang='lat' dir='ltr'>adire,</span> <span class='ocrx_word' id='word_1_156' title='bbox 1861 2339 2127 2423; x_wconf 84' lang='lat' dir='ltr'>quoties</span> <span class='ocrx_word' id='word_1_157' title='bbox 2150 2339 2333 2418; x_wconf 80' lang='lat' dir='ltr'>velit,</span> <span class='ocrx_word' id='word_1_158' title='bbox 2361 2339 2722 2424; x_wconf 81' lang='lat' dir='ltr'>patiantur.</span> 
     </span>
    </p>

    <p class='ocr_par' dir='ltr' id='par_1_3' title="bbox 515 2435 2722 3346">
     <span class='ocr_line' id='line_1_21' title="bbox 603 2435 2722 2528; baseline 0.003 -28"><span class='ocrx_word' id='word_1_159' title='bbox 603 2436 711 2501; x_wconf 84' lang='lat'>16.</span> <span class='ocrx_word' id='word_1_160' title='bbox 759 2435 919 2502; x_wconf 87' lang='lat' dir='ltr'>Hac</span> <span class='ocrx_word' id='word_1_161' title='bbox 949 2437 1270 2504; x_wconf 85' lang='lat' dir='ltr'>comitate</span> <span class='ocrx_word' id='word_1_162' title='bbox 1301 2437 1617 2505; x_wconf 84' lang='lat' dir='ltr'>Marcelli</span> <span class='ocrx_word' id='word_1_163' title='bbox 1660 2441 1903 2507; x_wconf 81' lang='lat' dir='ltr'>ferocis</span> <span class='ocrx_word' id='word_1_164' title='bbox 1939 2442 2212 2528; x_wconf 85' lang='lat' dir='ltr'>juvenis</span> <span class='ocrx_word' id='word_1_165' title='bbox 2258 2443 2522 2509; x_wconf 85' lang='lat' dir='ltr'>animus</span> <span class='ocrx_word' id='word_1_166' title='bbox 2552 2443 2722 2508; x_wconf 84' lang='lat' dir='ltr'>adeo</span> 
     </span>
     <span class='ocr_line' id='line_1_22' title="bbox 517 2538 2722 2617; baseline 0.004 -15"><span class='ocrx_word' id='word_1_167' title='bbox 517 2544 622 2602; x_wconf 88' lang='lat' dir='ltr'>est</span> <span class='ocrx_word' id='word_1_168' title='bbox 650 2538 975 2617; x_wconf 87' lang='lat' dir='ltr'>mollitus,</span> <span class='ocrx_word' id='word_1_169' title='bbox 1008 2544 1083 2604; x_wconf 88' lang='lat' dir='ltr'>ut</span> <span class='ocrx_word' id='word_1_170' title='bbox 1108 2559 1310 2606; x_wconf 87' lang='lat' dir='ltr'>nemo</span> <span class='ocrx_word' id='word_1_171' title='bbox 1342 2543 1499 2608; x_wconf 90' lang='lat' dir='ltr'>iude</span> <span class='ocrx_word' id='word_1_172' title='bbox 1529 2546 1869 2611; x_wconf 88' lang='lat' dir='ltr'>sociorum</span> <span class='ocrx_word' id='word_1_173' title='bbox 1903 2566 2042 2611; x_wconf 90' lang='lat' dir='ltr'>rem</span> <span class='ocrx_word' id='word_1_174' title='bbox 2074 2546 2451 2612; x_wconf 84' lang='lat' dir='ltr'>Romanam</span> <span class='ocrx_word' id='word_1_175' title='bbox 2483 2545 2722 2611; x_wconf 83' lang='lat' dir='ltr'>fortius</span> 
     </span>
     <span class='ocr_line' id='line_1_23' title="bbox 519 2640 2721 2735; baseline 0.005 -30"><span class='ocrx_word' id='word_1_176' title='bbox 519 2661 600 2706; x_wconf 92' lang='lat' dir='ltr'>ac</span> <span class='ocrx_word' id='word_1_177' title='bbox 630 2640 897 2706; x_wconf 87' lang='lat' dir='ltr'>fidelius</span> <span class='ocrx_word' id='word_1_178' title='bbox 917 2642 1195 2727; x_wconf 84' lang='lat' dir='ltr'>juverit.</span> <span class='ocrx_word' id='word_1_179' title='bbox 1278 2643 1452 2710; x_wconf 87' lang='lat' dir='ltr'>Cum</span> <span class='ocrx_word' id='word_1_180' title='bbox 1497 2646 1848 2714; x_wconf 87' lang='lat' dir='ltr'>Hannibal</span> <span class='ocrx_word' id='word_1_181' title='bbox 1887 2650 1976 2714; x_wconf 91' lang='lat' dir='ltr'>ad</span> <span class='ocrx_word' id='word_1_182' title='bbox 2028 2656 2255 2734; x_wconf 85' lang='lat' dir='ltr'>portas</span> <span class='ocrx_word' id='word_1_183' title='bbox 2285 2658 2489 2729; x_wconf 87' lang='lat' dir='ltr'>esset,</span> <span class='ocrx_word' id='word_1_184' title='bbox 2539 2648 2721 2735; x_wconf 86' lang='lat' dir='ltr'>(No-</span> 
     </span>
     <span class='ocr_line' id='line_1_24' title="bbox 516 2743 2722 2837; baseline 0.003 -27"><span class='ocrx_word' id='word_1_185' title='bbox 516 2743 653 2810; x_wconf 83' lang='lat' dir='ltr'>lam</span> <span class='ocrx_word' id='word_1_186' title='bbox 700 2744 878 2810; x_wconf 87' lang='lat' dir='ltr'>euim</span> <span class='ocrx_word' id='word_1_187' title='bbox 926 2763 1157 2813; x_wconf 88' lang='lat' dir='ltr'>rursus</span> <span class='ocrx_word' id='word_1_188' title='bbox 1198 2766 1243 2811; x_wconf 88' lang='lat' dir='ltr'>a</span> <span class='ocrx_word' id='word_1_189' title='bbox 1276 2745 1577 2815; x_wconf 85' lang='lat' dir='ltr'>Nuceria</span> <span class='ocrx_word' id='word_1_190' title='bbox 1631 2759 1927 2818; x_wconf 82' lang='lat' dir='ltr'>moverat</span> <span class='ocrx_word' id='word_1_191' title='bbox 1946 2760 1972 2801; x_wconf 97' lang='lat'>⁷</span> <span class='ocrx_word' id='word_1_192' title='bbox 2030 2756 2309 2831; x_wconf 87' lang='lat' dir='ltr'>castra,)</span> <span class='ocrx_word' id='word_1_193' title='bbox 2357 2752 2722 2837; x_wconf 77' lang='lat' dir='ltr'>plebesque</span> 
     </span>
     <span class='ocr_line' id='line_1_25' title="bbox 520 2845 2721 2940; baseline 0.004 -30"><span class='ocrx_word' id='word_1_194' title='bbox 520 2845 795 2910; x_wconf 89' lang='lat' dir='ltr'>Nolana</span> <span class='ocrx_word' id='word_1_195' title='bbox 819 2846 904 2910; x_wconf 90' lang='lat' dir='ltr'>de</span> <span class='ocrx_word' id='word_1_196' title='bbox 933 2848 1184 2932; x_wconf 85' lang='lat' dir='ltr'>integro</span> <span class='ocrx_word' id='word_1_197' title='bbox 1216 2847 1303 2913; x_wconf 91' lang='lat' dir='ltr'>ad</span> <span class='ocrx_word' id='word_1_198' title='bbox 1334 2848 1781 2918; x_wconf 81' lang='lat' dir='ltr'>defectionem</span> <span class='ocrx_word' id='word_1_199' title='bbox 1809 2862 2173 2940; x_wconf 87' lang='lat' dir='ltr'>spectaret,</span> <span class='ocrx_word' id='word_1_200' title='bbox 2200 2854 2569 2921; x_wconf 83' lang='lat' dir='ltr'>Marcellus</span> <span class='ocrx_word' id='word_1_201' title='bbox 2598 2856 2721 2920; x_wconf 87' lang='lat' dir='ltr'>sub</span> 
     </span>
     <span class='ocr_line' id='line_1_26' title="bbox 517 2947 2720 3043; baseline 0.006 -33"><span class='ocrx_word' id='word_1_202' title='bbox 517 2947 879 3013; x_wconf 85' lang='lat' dir='ltr'>adventum</span> <span class='ocrx_word' id='word_1_203' title='bbox 901 2948 1196 3014; x_wconf 84' lang='lat' dir='ltr'>hostium</span> <span class='ocrx_word' id='word_1_204' title='bbox 1233 2950 1407 3017; x_wconf 84' lang='lat' dir='ltr'>intra</span> <span class='ocrx_word' id='word_1_205' title='bbox 1437 2973 1663 3020; x_wconf 90' lang='lat' dir='ltr'>muros</span> <span class='ocrx_word' id='word_1_206' title='bbox 1694 2975 1771 3020; x_wconf 89' lang='lat' dir='ltr'>se</span> <span class='ocrx_word' id='word_1_207' title='bbox 1802 2958 2099 3043; x_wconf 82' lang='lat' dir='ltr'>recepit3</span> <span class='ocrx_word' id='word_1_208' title='bbox 2144 2978 2274 3024; x_wconf 89' lang='lat' dir='ltr'>non</span> <span class='ocrx_word' id='word_1_209' title='bbox 2298 2958 2552 3024; x_wconf 86' lang='lat' dir='ltr'>castris</span> <span class='ocrx_word' id='word_1_210' title='bbox 2591 2978 2720 3023; x_wconf 83' lang='lat' dir='ltr'>me·</span> 
     </span>
     <span class='ocr_line' id='line_1_27' title="bbox 516 3049 2716 3134; baseline 0.005 -20"><span class='ocrx_word' id='word_1_211' title='bbox 516 3058 738 3128; x_wconf 75' lang='lat' dir='ltr'>tuenS,</span> <span class='ocrx_word' id='word_1_212' title='bbox 768 3049 891 3115; x_wconf 90' lang='lat' dir='ltr'>sed</span> <span class='ocrx_word' id='word_1_213' title='bbox 932 3070 1014 3115; x_wconf 91' lang='lat' dir='ltr'>ne</span> <span class='ocrx_word' id='word_1_214' title='bbox 1061 3052 1428 3134; x_wconf 77' lang='lat' dir='ltr'>prodendae</span> <span class='ocrx_word' id='word_1_215' title='bbox 1476 3057 1663 3123; x_wconf 89' lang='lat' dir='ltr'>urbis</span> <span class='ocrx_word' id='word_1_216' title='bbox 1692 3059 2124 3128; x_wconf 86' lang='lat' dir='ltr'>occasionem</span> <span class='ocrx_word' id='word_1_217' title='bbox 2155 3061 2352 3127; x_wconf 85' lang='lat' dir='ltr'>nimis</span> <span class='ocrx_word' id='word_1_218' title='bbox 2382 3061 2622 3127; x_wconf 88' lang='lat' dir='ltr'>multis</span> <span class='ocrx_word' id='word_1_219' title='bbox 2652 3063 2716 3125; x_wconf 88' lang='lat' dir='ltr'>in</span> 
     </span>
     <span class='ocr_line' id='line_1_28' title="bbox 515 3153 2718 3249; baseline 0.006 -34"><span class='ocrx_word' id='word_1_220' title='bbox 515 3169 667 3217; x_wconf 91' lang='lat' dir='ltr'>eam</span> <span class='ocrx_word' id='word_1_221' title='bbox 706 3153 1247 3220; x_wconf 81' lang='lat' dir='ltr'>imminentibus·</span> <span class='ocrx_word' id='word_1_222' title='bbox 1286 3156 1497 3225; x_wconf 89' lang='lat' dir='ltr'>daret.</span> <span class='ocrx_word' id='word_1_223' title='bbox 1586 3160 1838 3228; x_wconf 89' lang='lat' dir='ltr'>Instrui</span> <span class='ocrx_word' id='word_1_224' title='bbox 1879 3164 2118 3229; x_wconf 88' lang='lat' dir='ltr'>deiude</span> <span class='ocrx_word' id='word_1_225' title='bbox 2162 3165 2497 3249; x_wconf 85' lang='lat' dir='ltr'>utrimque</span> <span class='ocrx_word' id='word_1_226' title='bbox 2542 3166 2718 3230; x_wconf 81' lang='lat' dir='ltr'>acies</span> 
     </span>
     <span class='ocr_line' id='line_1_29' title="bbox 518 3255 2718 3346; baseline 0.007 -27"><span class='ocrx_word' id='word_1_227' title='bbox 518 3261 787 3339; x_wconf 80' lang='lat' dir='ltr'>coeptae,</span> <span class='ocrx_word' id='word_1_228' title='bbox 839 3255 1295 3324; x_wconf 87' lang='lat' dir='ltr'>Romanorum</span> <span class='ocrx_word' id='word_1_229' title='bbox 1346 3280 1471 3346; x_wconf 88' lang='lat' dir='ltr'>pro</span> <span class='ocrx_word' id='word_1_230' title='bbox 1509 3264 1844 3330; x_wconf 87' lang='lat' dir='ltr'>moenibus</span> <span class='ocrx_word' id='word_1_231' title='bbox 1901 3266 2124 3345; x_wconf 79' lang='lat' dir='ltr'>Noloe,</span> <span class='ocrx_word' id='word_1_232' title='bbox 2174 3267 2544 3334; x_wconf 87' lang='lat' dir='ltr'>Poenorum</span> <span class='ocrx_word' id='word_1_233' title='bbox 2575 3275 2718 3334; x_wconf 83' lang='lat' dir='ltr'>aute</span> 
     </span>
    </p>
   </div>
   <div class='ocr_carea' id='block_1_3' title="bbox 578 3429 2178 3511">
    <p class='ocr_par' dir='ltr' id='par_1_4' title="bbox 578 3429 2178 3511">
     <span class='ocr_line' id='line_1_30' title="bbox 578 3429 2178 3511; baseline 0.013 -34"><span class='ocrx_word' id='word_1_234' title='bbox 578 3433 601 3459; x_wconf 80' lang='lat'>⁸</span> <span class='ocrx_word' id='word_1_235' title='bbox 628 3429 751 3479; x_wconf 70' lang='lat' dir='ltr'>Cum</span> <span class='ocrx_word' id='word_1_236' title='bbox 764 3431 964 3494; x_wconf 69' lang='lat' dir='ltr'>plutini</span> <span class='ocrx_word' id='word_1_237' title='bbox 984 3447 1046 3483; x_wconf 78' lang='lat' dir='ltr'>ex</span> <span class='ocrx_word' id='word_1_238' title='bbox 1071 3434 1264 3486; x_wconf 71' lang='lat' dir='ltr'>Nolana</span> <span class='ocrx_word' id='word_1_239' title='bbox 1280 3438 1414 3503; x_wconf 74' lang='lat' dir='ltr'>plebe</span> <span class='ocrx_word' id='word_1_240' title='bbox 1433 3453 1538 3489; x_wconf 73' lang='lat' dir='ltr'>eam</span> <span class='ocrx_word' id='word_1_241' title='bbox 1558 3439 1897 3510; x_wconf 59' lang='lat' dir='ltr'>(nemnem)</span> <span class='ocrx_word' id='word_1_242' title='bbox 1915 3450 2178 3511; x_wconf 75' lang='lat' dir='ltr'>captarent.</span> 
     </span>
    </p>
   </div>
   <div class='ocr_carea' id='block_1_4' title="bbox 1434 3579 1803 3608">
    <p class='ocr_par' dir='ltr' id='par_1_5' title="bbox 1434 3579 1803 3608">
     <span class='ocr_line' id='line_1_31' title="bbox 1434 3579 1803 3608; baseline 0.011 -8"><span class='ocrx_word' id='word_1_243' title='bbox 1434 3579 1705 3603; x_wconf 51' lang='lat' dir='ltr'>OOaemOO</span> <span class='ocrx_word' id='word_1_244' title='bbox 1710 3583 1803 3608; x_wconf 67' lang='lat'>000</span> 
     </span>
    </p>
   </div>
   <div class='ocr_carea' id='block_1_5' title="bbox 510 3668 2710 3806">
    <p class='ocr_par' dir='ltr' id='par_1_6' title="bbox 510 3668 2710 3806">
     <span class='ocr_line' id='line_1_32' title="bbox 510 3668 2710 3752; baseline 0.01 -34"><span class='ocrx_word' id='word_1_245' title='bbox 510 3674 541 3718; x_wconf 73' lang='grc'><strong>3</strong></span> <span class='ocrx_word' id='word_1_246' title='bbox 576 3668 718 3721; x_wconf 87' lang='lat' dir='ltr'>Olim</span> <span class='ocrx_word' id='word_1_247' title='bbox 736 3672 1027 3738; x_wconf 72' lang='lat' dir='ltr'>legebatur,</span> <span class='ocrx_word' id='word_1_248' title='bbox 1048 3692 1173 3727; x_wconf 71' lang='lat' dir='ltr'>nm</span> <span class='ocrx_word' id='word_1_249' title='bbox 1191 3677 1238 3726; x_wconf 71' lang='grc' dir='ltr'>εἰ</span> <span class='ocrx_word' id='word_1_250' title='bbox 1258 3692 1314 3727; x_wconf 73' lang='lat' dir='ltr'>ea</span> <span class='ocrx_word' id='word_1_251' title='bbox 1333 3679 1475 3740; x_wconf 77' lang='lat' dir='ltr'>dies.</span> <span class='ocrx_word' id='word_1_252' title='bbox 1494 3682 1646 3732; x_wconf 72' lang='lat' dir='ltr'><strong>d.—4</strong></span> <span class='ocrx_word' id='word_1_253' title='bbox 1684 3682 1767 3733; x_wconf 86' lang='lat' dir='ltr'>Al.</span> <span class='ocrx_word' id='word_1_254' title='bbox 1786 3699 1843 3735; x_wconf 74' lang='grc' dir='ltr'><strong><em>ω</em></strong></span> <span class='ocrx_word' id='word_1_255' title='bbox 1864 3693 2139 3752; x_wconf 71' lang='lat' dir='ltr'>tempestate</span> <span class='ocrx_word' id='word_1_256' title='bbox 2154 3690 2590 3741; x_wconf 55' lang='lat' dir='ltr'>nobilitsiime-li</span> <span class='ocrx_word' id='word_1_257' title='bbox 2635 3687 2710 3739; x_wconf 81' lang='grc' dir='ltr'>ΑΙ.</span> 
     </span>
     <span class='ocr_line' id='line_1_33' title="bbox 517 3735 2148 3806; baseline 0.013 -22"><span class='ocrx_word' id='word_1_258' title='bbox 517 3735 758 3788; x_wconf 65' lang='lat' dir='ltr'>&amp;nunni</span> <span class='ocrx_word' id='word_1_259' title='bbox 771 3754 938 3803; x_wconf 68' lang='lat' dir='ltr'>pugna</span> <span class='ocrx_word' id='word_1_260' title='bbox 957 3756 1053 3792; x_wconf 72' lang='lat' dir='ltr'>non</span> <span class='ocrx_word' id='word_1_261' title='bbox 1068 3743 1205 3806; x_wconf 69' lang='lat' dir='ltr'>prise</span> <span class='ocrx_word' id='word_1_262' title='bbox 1219 3743 1510 3806; x_wconf 61' lang='lat' dir='ltr'>malim—6</span> <span class='ocrx_word' id='word_1_263' title='bbox 1542 3746 1804 3799; x_wconf 66' lang='lat' dir='ltr'>Ara-orm</span> <span class='ocrx_word' id='word_1_264' title='bbox 1822 3751 1889 3802; x_wconf 71' lang='lat' dir='ltr'>eit</span> <span class='ocrx_word' id='word_1_265' title='bbox 1913 3754 2148 3806; x_wconf 79' lang='lat' dir='ltr'>Crevier.</span> 
     </span>
    </p>
   </div>
   <div class='ocr_carea' id='block_1_6' title="bbox 1505 3910 1729 3963">
    <p class='ocr_par' dir='ltr' id='par_1_7' title="bbox 1505 3910 1729 3963">
     <span class='ocr_line' id='line_1_34' title="bbox 1505 3910 1729 3963; baseline 0.009 -2"><span class='ocrx_word' id='word_1_266' title='bbox 1505 3910 1729 3963; x_wconf 77' lang='lat' dir='ltr'>NOTAE</span> 
     </span>
    </p>
   </div>
   <div class='ocr_carea' id='block_1_7' title="bbox 507 4073 2708 4162">
    <p class='ocr_par' dir='ltr' id='par_1_8' title="bbox 507 4073 2708 4162">
     <span class='ocr_line' id='line_1_35' title="bbox 507 4073 2708 4162; baseline 0.012 -41"><span class='ocrx_word' id='word_1_267' title='bbox 507 4073 621 4135; x_wconf 67' lang='lat' dir='ltr'>gali</span> <span class='ocrx_word' id='word_1_268' title='bbox 642 4074 718 4125; x_wconf 88' lang='lat' dir='ltr'>uti</span> <span class='ocrx_word' id='word_1_269' title='bbox 753 4076 1052 4141; x_wconf 72' lang='lat' dir='ltr'>quadrigati</span> <span class='ocrx_word' id='word_1_270' title='bbox 1083 4082 1275 4131; x_wconf 87' lang='lat' dir='ltr'>nummi</span> <span class='ocrx_word' id='word_1_271' title='bbox 1297 4096 1330 4132; x_wconf 72' lang='lat' dir='ltr'>a</span> <span class='ocrx_word' id='word_1_272' title='bbox 1352 4090 1477 4133; x_wconf 73' lang='lat' dir='ltr'>nota</span> <span class='ocrx_word' id='word_1_273' title='bbox 1500 4084 1579 4135; x_wconf 87' lang='lat' dir='ltr'>bl·</span> <span class='ocrx_word' id='word_1_274' title='bbox 1660 4085 1856 4139; x_wconf 69' lang='lat' dir='ltr'>diernoe</span> <span class='ocrx_word' id='word_1_275' title='bbox 1882 4091 2021 4155; x_wconf 73' lang='lat' dir='ltr'>apud</span> <span class='ocrx_word' id='word_1_276' title='bbox 2052 4106 2147 4143; x_wconf 79' lang='lat' dir='ltr'>nos</span> <span class='ocrx_word' id='word_1_277' title='bbox 2170 4101 2392 4143; x_wconf 67' lang='lat' dir='ltr'>mouetur</span> <span class='ocrx_word' id='word_1_278' title='bbox 2417 4095 2708 4162; x_wconf 55' lang='lat' dir='ltr'>*quipoue-</span> 
     </span>
    </p>
   </div>
   <div class='ocr_carea' id='block_1_8' title="bbox 510 4154 2423 4293">
    <p class='ocr_par' dir='ltr' id='par_1_9' title="bbox 510 4154 2423 4293">
     <span class='ocr_line' id='line_1_36' title="bbox 510 4154 2423 4227; baseline 0.01 -26"><span class='ocrx_word' id='word_1_279' title='bbox 510 4165 691 4214; x_wconf 62' lang='lat' dir='ltr'>garum</span> <span class='ocrx_word' id='word_1_280' title='bbox 720 4159 777 4203; x_wconf 85' lang='lat' dir='ltr'>et</span> <span class='ocrx_word' id='word_1_281' title='bbox 800 4154 1165 4221; x_wconf 77' lang='lat' dir='ltr'>quadrigarum</span> <span class='ocrx_word' id='word_1_282' title='bbox 1196 4159 1272 4210; x_wconf 78' lang='lat' dir='ltr'>eis</span> <span class='ocrx_word' id='word_1_283' title='bbox 1304 4160 1576 4227; x_wconf 70' lang='lat' dir='ltr'>impressa.</span> <span class='ocrx_word' id='word_1_284' title='bbox 1657 4175 1774 4217; x_wconf 81' lang='lat' dir='ltr'>rent</span> <span class='ocrx_word' id='word_1_285' title='bbox 1797 4167 1946 4218; x_wconf 77' lang='lat' dir='ltr'>libris</span> <span class='ocrx_word' id='word_1_286' title='bbox 1967 4166 2136 4221; x_wconf 80' lang='lat' dir='ltr'>ferme</span> <span class='ocrx_word' id='word_1_287' title='bbox 2159 4169 2423 4221; x_wconf 74' lang='lat' dir='ltr'>ducentis.</span> 
     </span>
     <span class='ocr_line' id='line_1_37' title="bbox 513 4228 1572 4293; baseline 0.013 -16"><span class='ocrx_word' id='word_1_288' title='bbox 513 4228 693 4293; x_wconf 60' lang='lat' dir='ltr'>quales</span> <span class='ocrx_word' id='word_1_289' title='bbox 726 4230 913 4282; x_wconf 77' lang='lat' dir='ltr'>multos</span> <span class='ocrx_word' id='word_1_290' title='bbox 947 4232 1117 4285; x_wconf 81' lang='lat' dir='ltr'>adbuc</span> <span class='ocrx_word' id='word_1_291' title='bbox 1151 4234 1380 4288; x_wconf 73' lang='lat' dir='ltr'>videmus</span> <span class='ocrx_word' id='word_1_292' title='bbox 1413 4238 1572 4290; x_wconf 72' lang='lat' dir='ltr'>dens·</span> 
     </span>
    </p>
   </div>
   <div class='ocr_carea' id='block_1_9' title="bbox 2986 842 2996 2036">
    <p class='ocr_par' dir='ltr' id='par_1_10' title="bbox 2986 842 2996 2036">
     <span class='ocr_line' id='line_1_38' title="bbox 2986 842 2996 2036; baseline 0 0"><span class='ocrx_word' id='word_1_293' title='bbox 2986 842 2996 2036; x_wconf 95' lang='lat' dir='ltr'> </span> 
     </span>
    </p>
   </div>
   <div class='ocr_carea' id='block_1_10' title="bbox 2992 2474 2996 3030">
    <p class='ocr_par' dir='ltr' id='par_1_11' title="bbox 2992 2474 2996 3030">
     <span class='ocr_line' id='line_1_39' title="bbox 2992 2474 2996 3030; baseline 0 0"><span class='ocrx_word' id='word_1_294' title='bbox 2992 2474 2996 3030; x_wconf 95' lang='lat' dir='ltr'> </span> 
     </span>
    </p>
   </div>
  </div>
 </body>
</html>
