3025 4892
455 318 626 384 1416
1403 336 1473 384 τ.
1521 337 1714 386 mvn

780 476 1042 538 Romani
1073 479 1229 559 juris
1270 478 1405 539 loca
1449 479 1723 560 quoedam
1766 481 2124 541 invaserunt.
2207 478 2516 540 Adversus
2561 478 2672 540 hos

775 594 1032 654 egressus
1054 596 1190 635 cum
1217 577 1479 636 exercitu
1510 576 1741 649 Curius,
1777 586 1844 637 ιιι
1883 576 2185 637 diduceret
2228 576 2444 647 hostes,
2487 576 2668 636 simul
2739 626 2750 633 .

491 677 549 725 rr
549 677 699 731 ontio.
774 692 849 732 ne
878 671 1230 733 Sabinorum
1264 674 1389 751 agri
1426 672 1684 733 cladium
1715 674 2057 737 bellicarum
2084 683 2358 753 expertes
2381 673 2670 733 baberen-

458 743 681 809 Smoe⁸³
667 747 753 793 ¹⁸·
774 777 890 839 tur,
917 769 1160 829 occultis
1185 770 1488 829 itineribus
1511 772 1812 850 copiarum
1845 779 2070 852 partem
2103 769 2281 840 misit,
2318 768 2476 829 datis
2501 788 2668 828 man-

773 864 951 937 datis,
995 874 1106 926 ‘ut
1140 886 1320 946 quam
1361 865 1639 928 latissime
1666 877 1920 947 possent,
1961 877 2234 927 terrorem
2270 865 2465 925 ubivis
2483 865 2668 924 vasti-

774 972 1071 1044 tatemque
1095 964 1400 1025 faeerenb’
1468 965 1564 1023 Ea
1590 966 1923 1035 necessitas,
1951 964 2029 1023 ad
2054 984 2161 1022 sua
2185 963 2405 1022 tuenda
2423 962 2670 1022 diversis

774 1059 1123 1119 abeuntibus
1144 1061 1494 1139 agminibus,
1519 1059 1889 1120 formidabile
1919 1059 2130 1120 Sabini
2156 1059 2454 1118 exercitus
2489 1058 2667 1118 robur

773 1154 970 1226 solvit,
1022 1156 1377 1236 facilemque
1416 1155 1693 1216 adversus
1741 1155 2032 1237 dispersos
2078 1155 2386 1216 victoriam
2434 1153 2666 1214 consuli

775 1252 1051 1331 praebuit.

459 1360 586 1409 Flor.
608 1375 647 1409 1.
671 1363 753 1409 1⁶.
855 1353 954 1407 22.
999 1346 1146 1407 Hac
1184 1347 1563 1429 expeditione
1603 1369 1785 1429 usque
1821 1349 1899 1409 ad
1934 1348 2311 1409 Adriaticum
2346 1348 2506 1407 mare
2534 1365 2664 1426 per-

772 1435 1015 1504 ventum
1033 1453 1125 1504 est
1148 1464 1165 1504 :
1192 1464 1460 1523 agrorum
1482 1445 1900 1526 bominumque
1919 1455 2089 1509 tanta
2111 1446 2203 1505 vis
2226 1444 2286 1504 in
2313 1450 2665 1525 potestatem

774 1541 958 1611 venit,
998 1548 1063 1600 ιιι
1102 1540 1405 1601 celebrata
1428 1539 1643 1602 deinde
1677 1541 1851 1602 fuerit
1877 1542 2043 1602 Curii
2069 1561 2214 1612 vox,
2257 1541 2358 1620 qui
2381 1560 2490 1620 pro
2514 1547 2664 1598 tem-

456 1640 592 1689 oros.
624 1638 751 1689 nor.
773 1661 978 1721 porum
1002 1641 1235 1701 illorum
1258 1640 1570 1722 disciplina
1582 1642 1757 1703 factis
1779 1662 1958 1723 quam
1984 1642 2176 1702 verbis
2205 1641 2508 1721 promtior,
2523 1658 2666 1699 cum

488 1741 634 1792 Auct.
689 1741 751 1789 de
773 1739 1072 1820 explicare
1115 1740 1348 1819 singula
1386 1740 1678 1821 nequiret,
1723 1740 2069 1811 ‘Tantumss
2107 1739 2318 1819 inquit,
2363 1748 2666 1816 ‘agrorum

454 1823 546 1920 ἔξ]
587 1806 753 1855 inu-tr
773 1836 928 1916 cepi,
957 1846 1024 1897 ut
1046 1836 1302 1898 solitudo
1322 1837 1521 1897 futura
1546 1836 1744 1908 fuerit,
1765 1838 1876 1897 nisi
1901 1846 2130 1897 tantum
2155 1835 2335 1896 etiam
2361 1835 2665 1896 bominum
2715 1916 2720 1925 .

775 1934 1053 2012 cepissem
1080 1954 1095 1994 z
1138 1943 1364 1994 tantum
1390 1943 1586 1994 autem
1611 1935 1933 2005 bominum,
1954 1942 2020 1993 ut
2045 1932 2327 2017 interituri
2357 1930 2514 1991 fame
2537 1929 2663 1988 fue-

774 2029 913 2100 rint,
957 2030 1069 2089 nisi
1109 2039 1338 2091 tantum
1378 2031 1660 2111 oepissem
1701 2039 1765 2090 et
1802 2030 2109 2109 agrorum?
2193 2026 2433 2088 Sabinis
2454 2044 2666 2107 paoem

454 2136 578 2185 Flor.
774 2127 1095 2200 orantibus,
1137 2129 1353 2188 veteris
1391 2129 1499 2187 sub
1535 2127 1715 2188 Tatio
1749 2127 2048 2188 affinitatis
2087 2125 2388 2196 memoria,
2420 2133 2484 2184 et
2524 2122 2670 2201 quia

485 2222 698 2273 Velleius
713 2240 751 2272 1·
774 2224 1009 2284 minime
1035 2226 1308 2303 gravibus
1333 2224 1487 2285 odiis
1509 2234 1797 2285 certatum
1839 2223 2050 2294 fuerat,
2085 2223 2266 2283 etiam
2290 2221 2525 2289 civitas,
2559 2218 2666 2277 sed

453 2295 532 2339 ¹⁴⁶
771 2321 897 2380 sine
921 2321 1222 2400 suffragio,
1248 2321 1394 2382 data
1418 2329 1525 2382 est.
1571 2320 1950 2389 Consulatus,
1978 2338 2153 2399 quem
2175 2338 2331 2379 anno
2349 2310 2666 2395 sequente*

776 2416 868 2477 M.
893 2416 1174 2478 Valerius
1199 2417 1491 2478 Corvinus
1513 2437 1648 2478 cum
1676 2417 1759 2484 Q.
1783 2415 2052 2476 Caedicio
2081 2414 2329 2475 Noctua
2357 2412 2557 2491 gessit,
2575 2420 2670 2469 te·

773 2515 903 2573 nuis
924 2513 1242 2574 admodum
1269 2513 1345 2574 ad
1371 2534 1478 2575 nos
1501 2513 1665 2574 fama
1687 2513 1992 2594 pervenit:
2033 2511 2144 2571 nisi
2179 2509 2341 2590 quod
2366 2508 2475 2569 sub
2509 2505 2666 2565 idem

482 2621 586 2671 Ην.
616 2621 747 2687 Ερῑι.
770 2617 999 2691 tempus
1019 2611 1283 2671 colonias
1298 2610 1585 2671 deductas
1603 2630 1729 2669 esse
1754 2609 1978 2689 reperio
1994 2607 2291 2676 Castrum,
2307 2615 2371 2665 et
2388 2603 2664 2669 Adi-iam,

452 2701 528 2734 ¹¹·
771 2705 927 2766 unde
970 2709 1115 2767 mari
1149 2727 1382 2778 nomen,
1384 2705 1489 2767 et
1527 2707 1747 2767 Senam
1787 2706 1848 2765 in
1885 2704 2133 2764 Gallico
2161 2722 2320 2783 agro.
2407 2698 2665 2760 Verum·

772 2810 969 2861 tamen
996 2803 1256 2862 nondum
1282 2820 1356 2863 eo
1372 2823 1556 2882 usque
1580 2803 1808 2883 pacatis
1832 2801 1954 2861 illis
1973 2801 2324 2879 regionibus,
2341 2797 2531 2875 magis
2551 2804 2665 2863 est,

774 2905 839 2955 ιιι
862 2896 1139 2958 accedam
1167 2899 1503 2959 auctoribus
1538 2898 1692 2969 aliis,
1736 2899 1839 2977 qui
1864 2897 2225 2958 coloniarum
2269 2896 2509 2955 istarum
2549 2892 2670 2949 ori-

449 2981 579 3032 ven.
770 2993 965 3069 ginem
991 2992 1067 3052 ad
1092 2992 1373 3054 inferiora
1391 3003 1660 3075 tempora
1679 2994 2023 3054 retulerunt.
2171 3052 2174 3053 a

850 3095 952 3148 23.
996 3087 1158 3149 Sed
1143 3110 1202 3150 ιιι
1228 3091 1372 3151 urbe
1399 3090 1741 3152 coercendis
1760 3110 1896 3171 quae
1922 3089 2333 3150 increbuerunt
2355 3082 2672 3145 maleficiis

481 3195 587 3245 cie.
602 3196 663 3244 de
680 3196 746 3245 le·
772 3203 958 3245 novus
981 3187 1351 3266 magian-aun
1376 3188 1675 3248 institutus
1710 3196 1821 3258 est,
1864 3187 1966 3267 qui
1993 3184 2241 3245 vinculis
2264 3182 2520 3243 sontium
2545 3198 2666 3238 ser-

450 3261 638 3375 3¹1¹⁴²J¹¹1¹¹
616 3266 726 3312 ¹·⁸·
771 3280 1000 3352 vendis,
1026 3293 1110 3353 et,
1136 3304 1273 3344 cum
1297 3283 1686 3346 animadverti
1721 3290 2038 3364 oporteret,
2065 3280 2358 3361 supplicio
2382 3274 2669 3337 sumendo

454 3393 539 3440 8⁰.
582 3390 635 3438 ff.
622 3327 751 3439 ΒΞ
772 3388 1038 3443 auctores
1062 3389 1240 3459 atque
1272 3380 1664 3441 moderatores
1687 3386 2035 3462 praeessent:
2069 3376 2356 3438 triumviri
2381 3371 2672 3453 capitales

450 3454 594 3569 ΟΠΞ·
619 3519 695 3584 Ep
695 3518 750 3568 it.
772 3475 1077 3555 appellati.
1128 3475 1304 3555 Legis
1326 3497 1365 3537 a
1391 3477 1460 3538 L.
1491 3475 1745 3558 Papirio
1765 3476 2003 3536 tribuno
2028 3473 2218 3556 plebis
2238 3492 2311 3533 eo
2327 3470 2404 3532 de
2429 3468 2669 3546 negotio

772 3569 910 3630 latoe
957 3572 1085 3632 baec
1133 3573 1316 3633 verba
1362 3574 1637 3635 invenio:
1694 3572 2136 3651 ‘Quicumque
2173 3578 2386 3650 Praetffl'
2425 3564 2671 3645 1²⁰⁸&oe

448 3646 751 3762 Ρ“ἓοξο“ἒε
771 3666 966 3728 factus
996 3670 1130 3739 erit,
1163 3670 1299 3748 quei
1342 3670 1493 3729 inter
1516 3669 1677 3730 cives
1707 3670 1811 3746 jus
1841 3666 2024 3738 dicet,
2071 3665 2344 3726 tresviros
2385 3659 2674 3742 capitales

448 3791 660 3826 eramen-
774 3763 1053 3844 populum
1103 3772 1349 3842 rogato:
1393 3766 1553 3845 iique
1599 3764 1852 3833 tresviri,
1894 3764 2249 3844 quicumque
2291 3759 2434 3820 facti
2474 3765 2669 3821 erunt,

446 3851 501 3888 ‘¹¹
472 3842 583 3890 u’m.
771 3869 1137 3920 sacramenta
1175 3862 1459 3940 exigunto
1484 3859 1935 3940 Jndicantoque,
1961 3857 2285 3936 eodemque
2301 3857 2437 3934 jure
2470 3862 2670 3920 eunte,

838 4016 865 4050 ⁵
899 4017 963 4070 Α.
984 4019 1052 4069 U.
1071 4017 1134 4070 C.
1153 4021 1268 4068 46³.
1301 4017 1369 4068 A.
1392 4018 1451 4069 C.
1468 4022 1584 4069 289.
1762 4032 1905 4068 mare
1927 4029 2112 4067 nomen
2133 4012 2369 4064 traxerit.
2415 4010 2536 4061 vid.
2556 4010 2676 4060 Cel

838 4080 853 4113 ¹
893 4083 1029 4132 Unde
1068 4084 1192 4133 mari
1224 4097 1391 4133 nom
1456 4083 1684 4145 Amblgl
1761 4083 1813 4132 la
1816 4098 1856 4131 r.
1893 4082 2087 4146 oeogr.
2130 4080 2256 4129 Ant.
2293 4077 2386 4128 lib.
2423 4089 2490 4126 ιι.
2537 4092 2585 4127 c.
2623 4080 2675 4126 9.

774 4154 874 4203 tur,
898 4156 1066 4197 utrum
1103 4147 1171 4197 ab
1204 4148 1302 4197 bac
1327 4147 1373 4197 A
1416 4147 1492 4197 ria
1512 4149 1566 4198 ιιι
1597 4148 1685 4197 Pi·
1767 4149 1909 4198 Creo.

770 4226 918 4269 ceno,
932 4228 997 4263 au
1011 4212 1079 4264 ab
1093 4212 1196 4263 alia
1210 4213 1261 4263 ιιι
1271 4212 1489 4265 Venetis
1503 4211 1686 4277 Adria,
