3025 4892
2303 376 2477 442 2049

286 539 648 621 Syracusae
698 542 909 615 erant,
964 535 1841 621 profectus'Cartbaginem,
1887 535 2331 621 adjutusque⁷
2380 539 2476 603 ibi

287 651 361 705 et
403 642 490 705 ab
538 641 785 722 legatis
824 639 1276 723 Hippocratis
1323 641 1673 725 literisque
1715 639 2139 718 Hannibalis,
2192 641 2307 724 qui
2344 656 2477 705 've-

282 744 474 809 nisse
515 750 781 827 tempus
827 743 1051 808 aiebat
1089 743 1341 810 Siciliae
1386 763 1505 829 per
1546 762 1875 809 summum
1919 743 2126 808 decus
2178 750 2476 828 repeten-

287 845 420 925 dae,
460 854 531 911 et
567 847 717 930 ipse
759 844 939 911 baud
988 865 1202 912 vanus
1243 867 1549 931 praesens
1595 847 1878 911 monitor
1921 845 2122 910 facile
2168 847 2478 929 perpule-

287 957 415 1025 rat,
464 955 557 1024 ut,
605 954 872 1032 quantae
922 948 1232 1014 maximae
1265 964 1272 973 ·
1304 954 1602 1034 possent,
1665 948 1970 1032 peditum
2042 950 2481 1032 equitumque

288 1053 509 1134 copiae
559 1051 626 1114 in
671 1050 971 1117 Siciliam
1031 1051 1508 1135 trajicerentur.
1610 1050 2007 1115 Adveniens
2053 1049 2479 1128 Heracleam,

286 1155 464 1220 iutra
510 1174 767 1239 paucos
818 1154 961 1219 dies
1011 1153 1166 1218 inde
1212 1154 1651 1237 Agrigentum
1699 1154 1966 1238 recipit:
1986 1161 2011 1189 ¹²

997 393 1140 441 mn.
1188 391 1415 441 xxiv.
1460 390 1622 440 cAp.
1665 377 1772 442 35.

2059 1153 2479 1240 aliarumque

290 1258 685 1335 civitatium,
714 1277 867 1341 quae
899 1257 1111 1340 partis
1137 1256 1778 1343 Carthaginiensium
1809 1261 2016 1333 erant,
2041 1256 2216 1321 adeo
2246 1275 2483 1321 accen·

290 1379 389 1425 sae
432 1368 588 1425 sunt
632 1375 796 1445 spes
835 1358 921 1425 ad
956 1358 1308 1444 pellendos
1347 1360 1585 1426 Sicilia
1614 1360 1980 1438 Romanos,
2025 1365 2102 1423 ut
2135 1365 2480 1443 postremo

289 1462 521 1540 etiam,
566 1464 681 1546 qui
711 1462 1192 1528 obsidebantur
1232 1463 1610 1547 Syracusis,
1636 1464 1897 1527 animos
1936 1464 2349 1539 sustulerint,
2391 1468 2477 1539 et,

289 1571 480 1647 parte
525 1566 870 1650 copiarum
914 1565 1080 1631 satis
1113 1564 1379 1631 defendi
1405 1565 1634 1630 urbem
1663 1584 1870 1648 posse
1907 1566 2058 1642 rati,
2085 1565 2183 1629 ita
2205 1566 2376 1631 inter
2405 1584 2481 1631 se

288 1686 562 1732 munera
605 1667 764 1733 belli
805 1669 1027 1752 partiti
1073 1669 1234 1747 sint,
1279 1675 1356 1732 ut
1399 1666 1741 1752 Epicydes
1791 1673 2125 1751 praeesset,
2157 1667 2482 1732 custodioe

289 1770 501 1849 urbis,
520 1770 1000 1854 Hippocrates,
1024 1769 1400 1835 Himilconi
1434 1770 1855 1853 conjunctus,
1878 1770 2130 1836 bellum
2161 1768 2483 1836 adversus
2543 1776 2549 1787 “

291 1872 636 1938 consulem
686 1871 1070 1951 Romanum
1111 1878 1387 1957 gereret.
1475 1872 1644 1938 Cum
1690 1874 1916 1938 decem
1961 1873 2256 1939 millibus
2295 1873 2474 1958 mdi-

291 1981 456 2051 tum,
508 1974 886 2059 quingentis
916 1974 1320 2058 equitibus,⁸
1361 1981 1557 2040 nocte
1596 1995 1715 2058 per
1742 1977 2122 2043 intermissa
2159 1976 2484 2057 custodiis

290 2078 446 2142 loca
499 2077 866 2161 profectuS,
926 2083 1149 2142 castra
1217 2078 1401 2143 circa
1456 2078 1801 2143 Acrillas⁹
1853 2076 2127 2143 urbem‘¹
2171 2079 2485 2161 ponebat.

291 2179 750 2246 Munientibus
793 2184 1175 2265 supervenit
1222 2180 1613 2253 Marcellus,
1645 2184 1733 2246 ab
1771 2180 2161 2265 Agrigento⁴
2176 2182 2322 2265 jam
2370 2201 2481 2246 oc-

292 2289 567 2365 cupato,
598 2302 750 2347 cum
779 2283 1020 2347 frustra
1065 2303 1147 2347 eo
1199 2286 1564 2367 praevenire
1613 2284 1873 2350 bostem
1913 2283 2240 2349 festinans
2281 2294 2483 2351 teten-

293 2383 526 2462 disset,
567 2386 867 2467 rediens3
913 2387 1072 2451 nihil
1118 2388 1342 2452 minus
1388 2396 1599 2466 ratuS,
1648 2407 1843 2472 quam
1892 2387 2013 2452 illo
2060 2395 2358 2471 tempore
2402 2406 2484 2451 ac

293 2486 450 2551 loco
490 2487 980 2571 Syracusanum
1014 2489 1147 2555 sibi
1178 2493 1547 2556 exercitum
1590 2492 1858 2555 obviam
1890 2490 2068 2572 fore;
2114 2489 2237 2555 sed
2267 2497 2484 2554 tamen

293 2596 477 2656 metu
519 2590 920 2657 Himilconis
951 2591 1450 2679 Poenorumque
1492 2591 1601 2677 (ut
1644 2594 1888 2676 quibus
1932 2611 2352 2677 nequaquam
2385 2592 2485 2656 eis

1207 2793 1262 2812 00
1269 2793 1357 2812 ‘O‘
1363 2791 1574 2814 “000“

297 2933 420 2976 ante
444 2926 675 2975 Gronov.
682 2930 776 2975 —6
811 2925 932 2973 Cum
967 2925 1119 2974 tantis
1159 2925 1304 2989 ceptis
1342 2924 1478 2974 Edd.
1513 2933 1634 2973 ante
1670 2923 1899 2972 Gronov.
1902 2925 1998 2971 -7
2030 2921 2315 2984 Acciusque
2350 2918 2487 2970 Edd.

294 3001 433 3108 ἒιιάιὲ
452 2990 972 3106 ῗὲἔιὲιιόνωιιιιὲἰιιυφιι
1011 2990 1137 3040 Μαι.
1182 2990 1410 3085 plerique
1415 2993 1532 3039 .—8
1563 2989 1712 3038 Voss.
1752 2987 1899 3100 (Ῑὶιιιί.ἱ
1926 2988 2149 3051 equiem.
2151 2990 2249 3035 -9
2279 2986 2491 3036 Accium

1279 3169 1499 3222 NOTAE

1433 3287 1622 3349 Droga.
1683 3283 1768 3335 Ibi
1792 3283 1985 3347 regiam
2022 3295 2194 3332 arcem
2218 3278 2493 3330 munitissi-

1433 3377 1566 3415 mam
1610 3362 1799 3412 Coc-lo
1838 3358 2029 3411 Siciliae
2077 3360 2188 3422 regi
2234 3358 2494 3408 exstruxit

1437 3439 1704 3496 Daedalut,
1726 3438 1811 3487 cui
1827 3451 2014 3487 nomen
2038 3436 2329 3500 Ompbace,
2348 3443 2406 3484 ut
2425 3448 2492 3482 ex

296 3286 516 3350 corrigit
558 3285 793 3336 Gronov.
836 3299 902 3334 ex
943 3285 1152 3349 optimis
1194 3286 1355 3337 libris.

298 3364 445 3415 Editi
495 3364 692 3413 babent
728 3369 1016 3427 nequaquam
1055 3378 1163 3415 cunt
1203 3364 1355 3415 tantis

292 3442 460 3506 copiis,
483 3443 575 3492 sed
599 3456 664 3490 ex
687 3441 749 3491 iis
776 3457 888 3505 qua»
907 3451 1191 3506 sequuntur
1210 3449 1357 3507 patet

296 3519 578 3584 majoribus
623 3531 757 3568 nunc
797 3518 959 3580 copiis
1009 3519 1353 3568 instructum:

295 3598 374 3647 ita
415 3603 472 3646 ut
507 3609 799 3659 nequaquam
837 3609 941 3643 cum
980 3597 1170 3660 quanti·
1208 3594 1358 3658 copiis

295 3673 437 3723 idem
460 3672 530 3721 sit
550 3685 612 3721 ac
638 3685 736 3721 non
756 3685 871 3721 cnm
895 3686 959 3721 eo
978 3686 1193 3722 numero
1214 3671 1355 3734 eopi-

298 3765 463 3812 arnm,
485 3749 577 3798 sed
597 3764 712 3798 cum
735 3748 938 3811 majori.
977 3748 1180 3798 Etenim
1204 3757 1359 3797 antea

296 3826 363 3877 ad
386 3826 614 3889 Pachyni
627 3826 1025 3889 promontorium
1042 3826 1358 3876 exscendere

297 3904 350 3953 in
374 3903 591 3952 insulam
619 3916 771 3952 antus
794 3916 894 3952 non
917 3910 1050 3951 erat.

363 3988 386 4014 ι·
416 3978 745 4041 Agrigentum
777 3977 973 4043 recipit]
1016 3977 1359 4041 Agrigentum

300 4054 425 4107 urbs
449 4054 549 4105 fuit
588 4054 834 4118 opulenta
866 4062 922 4103 et
946 4053 1188 4119 celebris,
1213 4055 1311 4106 Gr.
1333 4057 1360 4105 ὀ

295 4130 550 4196 marmor,
588 4131 740 4181 bodie
788 4130 1058 4193 Ger-gomi.-
1104 4146 1136 4180 a
1179 4131 1359 4183 Gelois

297 4210 514 4262 condita
544 4207 608 4258 ad
645 4207 991 4272 Acragautem
1029 4222 1252 4271 amnem,
1272 4211 1359 4274 qul

299 4297 355 4339 et
401 4288 514 4352 ipse
535 4286 690 4350 fiuntc
727 4284 781 4336 di
826 4284 1081 4350 Geraeenti,
1119 4292 1177 4338 et
1204 4287 1360 4355 firme

1435 3516 1697 3567 Pausania
1712 3514 1925 3578 conjicit
1950 3514 2160 3563 Cluver.
2197 3509 2402 3560 tandem
2427 3509 2490 3558 ab

1437 3592 1735 3644 Hamilcare
1756 3591 1922 3640 Poeno
1952 3586 2181 3638 funditus
2205 3600 2385 3636 eversa
2414 3583 2494 3634 fu-

1438 3678 1552 3721 erat
1566 3684 1697 3721 anno
1718 3673 1767 3719 4.
1789 3664 2115 3730 Olympiadis
2129 3676 2291 3714 xcm.
2315 3676 2492 3711 verum

1437 3749 1721 3798 instaurata
1759 3751 1938 3809 postea
1970 3741 2104 3791 fuit:
2141 3740 2395 3804 hodieque
2418 3739 2496 3789 in-

1442 3833 1525 3876 ter
1546 3823 1880 3873 celeberrima
1903 3818 2080 3868 insuloe
2114 3815 2307 3880 oppida
2340 3815 2496 3865 babe-

1359 3920 1364 3927 ·
1440 3909 1544 3961 tur,
1576 3898 1643 3949 ob
1663 3897 1852 3947 civium
1878 3893 2223 3959 frequentiam
2262 3901 2315 3941 et
2345 3905 2496 3955 agro·

1439 3994 1554 4029 rum
1574 3977 1882 4027 ubertatem.

1502 4055 1528 4090 ⁸¹
1560 4054 1771 4107 Acrillas
1791 4051 1976 4114 urbem]
2000 4048 2184 4099 Aer-illa
2206 4046 2315 4096 sivo
2333 4044 2497 4096 Acrit-

1437 4136 1497 4183 1ae
1522 4131 1769 4196 oppidum
1791 4126 1889 4178 fuit
1919 4126 1982 4175 nd
2018 4133 2247 4175 austrum
2270 4121 2494 4183 Syracu·-

1438 4224 1628 4270 samm,
1663 4205 1819 4257 Acris
1853 4201 1987 4255 baud
2027 4197 2224 4266 procul,
2256 4194 2392 4248 forte
2428 4193 2494 4243 ad

1438 4287 1688 4339 Helorum
1712 4281 1767 4337 fl.
