3025 4892
2337 385 2511 458 1693

357 551 505 618 ‘24
537 537 732 631 Inde,
754 566 838 615 ne
865 542 1052 616 mora
1080 555 1278 635 atque
1310 551 1538 616 -otium
1577 551 1832 618 animos
1872 552 2306 633 solicitarent‚
2354 543 2513 620 cum'

306 656 591 741 reliquis
640 654 860 739 copiis
906 653 1311 737 Pyrenaeum
1358 654 1847 738 transgreditur,
1901 662 1969 722 et
2020 658 2104 721 ad
2177 658 2506 743 oppidum

306 758 676 824 Illiberi⁴¹¹²
707 764 928 824 castra
955 759 1162 824 locat.
1225 757 1412 825 Galli
1444 778 1828 843 quanquam
1862 760 2084 825 Italiae
2127 761 2373 826 bellum
2406 762 2505 827 in-

305 862 470 928 ferri
515 860 898 941 audiebant,
941 867 1185 941 tamen,
1237 863 1396 946 quia
1435 863 1501 926 vi
1544 864 1860 928 subactos
1906 871 2083 928 trans
2117 863 2509 949 Pyrenaeum

309 963 666 1049 Hispanos
723 963 901 1029 fama
955 969 1120 1043 erat,
1173 963 1623 1049 praesidiaque
1665 966 1892 1032 valida
1942 967 2279 1050 imposita,
2332 974 2512 1034 metu

310 1066 655 1132 servitutis
678 1065 766 1131 ad
798 1085 980 1131 arma
1003 1067 1454 1144 consternati‚¹²
1499 1066 1964 1133 Ruscinonem
1989 1069 2251 1154 aliquot
2274 1071 2510 1155 populi

309 1168 769 1234 conveniunt-⁰
854 1167 1062 1248 Quod
1090 1170 1208 1234 ubi
1257 1169 1624 1234 Hannibali
1667 1171 2050 1238 nuntiatum
2079 1183 2207 1249 est,
2260 1193 2514 1237 moram

308 1273 554 1356 magis,
605 1292 811 1356 quam
853 1272 1123 1352 bellum,
1174 1279 1500 1350 metuenS,
1551 1280 1845 1339 oratores
1873 1274 1959 1341 ad
1988 1275 2248 1359 regulos
2280 1295 2512 1340 eorum

309 1375 517 1453 misit,
549 1379 571 1411 ‘
593 1375 887 1461 colloqui
918 1384 1128 1443 semet
1156 1378 1378 1462 ipsum
1412 1377 1584 1443 velle
1613 1398 1769 1443 cum
1797 1378 1944 1461 bis;
1990 1386 2058 1444 et
2097 1379 2202 1444 vel
2234 1378 2330 1443 illi
2355 1397 2515 1462 pro-

311 1478 475 1562 pius
521 1478 778 1545 Illiberi
808 1480 1226 1559 accederent,
1255 1480 1367 1545 vel
1393 1499 1466 1545 se
1495 1478 1972 1547 Ruscinonem
2016 1499 2513 1565 processurum,

315 1590 400 1647 ut
428 1601 518 1648 ex
546 1583 925 1669 propinquo
948 1602 1349 1669 congressus
1378 1584 1638 1650 facilior
1665 1591 1879 1649 esset:
1922 1603 2073 1649 nam
2104 1589 2175 1649 et
2201 1589 2515 1667 acceptu·

1041 401 1185 452 mn.
1233 399 1412 453 xxi.
1460 404 1624 454 cn.
1664 387 1775 455 24.

311 1704 463 1750 rum
486 1688 700 1752 cosin
729 1693 949 1753 castra
976 1707 1103 1754 sua
1133 1706 1210 1753 se
1238 1689 1495 1768 laetum,
1512 1707 1637 1754 nec
1667 1694 2053 1754 cunctanter
2083 1707 2159 1752 se
2177 1686 2401 1770 ipsum
2427 1683 2516 1749 ad

311 1808 436 1854 eos
466 1795 832 1857 venturum.
920 1788 1286 1876 Hospitem
1317 1792 1493 1856 enim
1528 1811 1601 1856 se
1629 1790 1901 1871 Galliae,
1920 1810 2053 1855 non
2081 1789 2370 1866 bostem,
2394 1786 2513 1852 ad-

309 1893 620 1960 venisse:
663 1914 793 1986 nec
823 1895 1202 1960 stricturum
1239 1903 1396 1961 ante
1426 1894 1746 1979 gladium,
1776 1895 1835 1959 si
1861 1915 1984 1979 per
2013 1892 2254 1959 Gallos
2281 1891 2513 1986 liceat,

313 2011 524 2080 quam
580 1997 649 2061 in
687 1996 958 2063 ltaliam
1002 1995 1339 2064 venisset!
1426 1998 1517 2064 Et
1564 2018 1681 2084 per
1724 1998 1991 2063 nuntios
2035 1995 2309 2082 quidem
2345 1994 2516 2059 haec.

313 2093 418 2164 Ut
457 2115 616 2166 vero
659 2100 868 2184 reguli
927 2099 1301 2179 Gallorum,
1353 2101 1595 2167 castris
1645 2100 1733 2167 ad
1784 2100 2110 2167 Illiberim
2162 2096 2513 2181 extemplo

312 2203 547 2284 motis,
575 2203 756 2292 band
782 2210 1055 2290 gravate
1072 2203 1160 2271 ad
1179 2204 1467 2270 Poenum
1492 2213 1858 2289 venerunt3
1902 2204 2087 2291 capti
2106 2202 2327 2282 donis,
2355 2220 2517 2268 cnm

1231 2352 1595 2378 mmet

331 2443 344 2450 ’
375 2458 412 2505 4
443 2451 678 2505 Illiberim
695 2452 803 2519 bic,
823 2462 883 2506 et
901 2450 999 2506 inf.
1026 2453 1224 2519 propius
1244 2452 1500 2519 Illiberim,
1522 2455 1739 2521 Doujat.
1762 2452 1994 2508 Crevier.
2017 2459 2146 2505 vett.
2168 2452 2288 2506 edd.

1307 2602 1529 2656 NOTAE

315 2714 444 2752 rene
471 2700 725 2766 Bebrycis
746 2699 885 2766 regis
906 2699 1031 2764 tilis,
1054 2699 1122 2752 ab
1145 2700 1375 2752 Hercule

316 2777 640 2842 οὸιιρηοιι,
685 2778 863 2845 ibique
914 2777 1142 2843 sepulta.
1208 2778 1378 2840 Vulgo

314 2857 384 2908 les
427 2856 595 2906 Monte
633 2854 894 2921 Pyrodes.
957 2855 1058 2906 Sed
1097 2854 1377 2921 aliquando

313 2932 473 2982 istius
508 2939 655 2996 patet
685 2932 786 2983 boe
823 2945 1031 2997 nomen,
1063 2931 1138 2982 ita
1167 2937 1227 2981 ut
1260 2932 1376 2982 aliis

317 3008 589 3076 Hispania
609 3010 888 3073 montibus,
910 3012 998 3077 qui
1021 3011 1086 3061 sd
1107 3010 1378 3063 Oceanum

315 3088 699 3140 occidentalem
754 3088 821 3139 ab
864 3094 985 3139 orta
1027 3087 1095 3139 sd
1138 3103 1378 3139 occssum

314 3167 614 3216 nniversam
633 3165 940 3234 Hispaniam
958 3164 1217 3223 dividunt,
1232 3165 1379 3217 sttri·

319 3240 542 3291 buamrt
587 3240 741 3291 immo
769 3249 824 3290 et
851 3255 1214 3309 nonnunquam
1240 3240 1379 3292 Rbe-

317 3319 440 3370 {icis
475 3317 644 3382 jugis,
690 3318 911 3383 aiiisqne
956 3332 1052 3381 per
1095 3317 1380 3386 Illyricum,

319 3402 380 3454 nt
417 3393 647 3458 Aipium,
680 3396 753 3445 its
787 3402 844 3445 ct
876 3395 1250 3464 Pyrenaeorum
1288 3411 1380 3448 no-

318 3484 438 3521 men
462 3470 792 3522 ascribeturz
829 3471 983 3536 vulgo
1006 3472 1239 3522 Preme?-

382 3554 420 3581 =
454 3545 667 3612 Illiber-i]
700 3546 784 3597 Ab
822 3545 1082 3612 Hispanis
1121 3547 1377 3599 venienti·

315 3624 419 3675 bas
467 3625 753 3676 secundum
800 3623 949 3675 littus
998 3624 1378 3677 Mediterranei

317 3701 498 3766 maris,
541 3700 693 3764 primi
731 3700 1000 3751 Gallorum
1038 3702 1174 3752 ultra
1212 3701 1379 3767 Pyre·

316 3791 462 3829 naeos
502 3777 680 3843 populi
712 3778 1058 3829 occurrebant
1100 3779 1381 3849 Sardoum,

315 3855 602 3905 Volcarum
643 3854 985 3918 Tectosagum
1027 3868 1169 3920 pars,
1212 3864 1273 3905 ut
1314 3870 1382 3907 ex

318 3930 615 3982 Ptolemae
638 3929 932 3993 colligitnrz
955 3931 1008 3979 ἰιι
1032 3930 1109 3980 his
1122 3930 1228 3981 dne
1247 3946 1382 3996 prm·

318 4008 480 4072 οἶμαι
501 4013 852 4057 memorantur
889 4006 1101 4073 oppida,
1140 4007 1382 4075 illiberis,

316 4093 412 4134 seu
457 4082 690 4145 Haben-rt,
727 4089 783 4133 et
821 4082 1067 4142 Rminu
1121 4084 1269 4150 iilud,
1311 4085 1378 4135 ad

319 4173 465 4213 oram
487 4161 661 4224 snum,
701 4165 938 4225 tempore
958 4161 1119 4212 Plinii
1139 4170 1198 4212 et
1220 4163 1378 4214 Melo

321 4240 376 4291 in
423 4238 595 4289 vicum
628 4237 865 4300 abieratg
918 4246 1135 4307 eratque
1179 4254 1381 4306 magum

318 4315 588 4389 quondum
619 4313 765 4367 urbis
796 4321 855 4369 et
887 4329 1192 4385 magnarum
1223 4333 1382 4387 opum

1457 2710 1618 2753 tenue
1672 2701 1986 2767 vestigium3
2039 2704 2226 2766 postea
2277 2699 2519 2752 Caucoli·

1457 2781 1626 2832 berim
1662 2780 1936 2844 dixerunt,
1957 2779 2095 2830 nunc
2115 2794 2301 2831 nomen
2324 2781 2518 2847 alique·

1459 2864 1613 2908 tenus
1655 2858 1867 2923 retinet,
1911 2858 2152 2908 Celliosre
2207 2856 2361 2921 vulgo
2409 2856 2521 2907 dic·

1460 2942 1591 2985 tum.
2520 2935 2523 2942 ⁴

1523 3016 1548 3045 ¹·
1580 3011 1660 3062 Aa
1680 3024 1814 3061 ema
1848 3009 2164 3075 consternati]
2202 3008 2333 3060 Livii
2369 3010 2521 3075 phra-

1458 3086 1548 3144 sis,
1566 3086 1654 3153 qni
1667 3086 1960 3136 mersuri
1981 3085 2254 3150 aliquando
2269 3084 2401 3135 dicit
2424 3100 2520 3150 pro

1460 3178 1524 3214 eo
1552 3164 1689 3229 quod
1728 3170 1810 3212 est
1836 3162 2084 3213 concitari
2119 3170 2176 3212 et
2212 3164 2521 3214 commoveri

1461 3256 1579 3292 cum
1607 3239 1975 3305 trepidatione.
2012 3237 2104 3289 Sic
2127 3237 2218 3289 lib.
2237 3251 2339 3288 vu.
2361 3241 2375 3267 ⁸
2394 3239 2522 3289 mui-

1461 3318 1633 3368 titudo
1673 3317 2061 3381 conjuratorum
2101 3313 2167 3363 ad
2213 3328 2356 3364 arms
2397 3328 2521 3366 con·

1460 3392 1722 3447 sternat-0⁹

1518 3479 1548 3505 ⁰
1582 3471 1895 3522 Βασίιιοιιαιι
1918 3504 1933 3520 .
1958 3503 1973 3519 .
1999 3504 2013 3519 .

1460 3547 1580 3599 dem
1602 3545 1705 3598 fuit
1744 3560 2019 3612 progressu
2058 3547 2307 3611 temporis
2340 3546 2522 3598 Rusci-

1458 3624 1609 3676 nonis
1654 3637 1767 3674 sors
1801 3637 1865 3673 ae
1896 3622 2142 3673 Illiberis.
2206 3623 2336 3673 Cum
2380 3622 2519 3673 enim

1459 3709 1619 3768 esput
1642 3702 1802 3752 totius
1824 3701 1991 3766 gentis
2007 3697 2215 3762 fuisset,
2231 3699 2341 3764 ejus
2361 3700 2521 3751 hodie

1461 3780 1584 3829 nihil
1607 3785 1753 3829 extat
1788 3776 1952 3838 aliud,
1974 3791 2130 3841 quam
2170 3776 2326 3826 turris
2364 3792 2520 3843 quam

1464 3856 1618 3917 vulgo
1639 3854 1926 3914 nominant,
1959 3853 2008 3902 la
2038 3857 2147 3902 tour
2163 3854 2224 3902 de
2246 3852 2523 3905 Ros-§silleri

1455 3932 1615 3996 Juxta
1651 3929 2049 3993 Perpinianum3
2085 3928 2224 3979 unde
2248 3930 2522 3983 comitatui

1464 4022 1674 4067 nomen,
1713 4020 1866 4069 quem
1908 4014 2095 4055 natura
2127 4021 2351 4076 ususque
2383 4009 2522 4059 auti·

1465 4099 1595 4151 quus
1637 4083 1823 4134 Gallim
1876 4083 2224 4145 assignavere.
2323 4084 2522 4135 Recen-

1461 4162 1596 4213 tiors
1638 4159 1831 4210 saecula
1872 4156 2023 4207 modo
2068 4157 2333 4224 Hispanis,
2365 4160 2521 4211 modo

1461 4238 1650 4304 Gallis,
1682 4237 1872 4301 partim
1894 4232 2196 4295 federibus,
2217 4238 2405 4304 partlm
2440 4252 2522 4290 sr-

1461 4331 1665 4371 msrum
1687 4314 1737 4367 vi
1761 4312 2093 4366 addixerunt.

2038 3503 2053 3518 .
2073 3469 2379 3534 conveniant]
2416 3468 2519 3520 Ea·
