3025 4892
822 393 1034 443 mum
1081 391 1279 442 xvn.
1325 391 1973 443 surranum-uir.
2350 379 2521 445 1547

370 544 474 602 28.
519 539 676 601 Cum
701 539 912 602 deinde
945 540 1023 604 Ο.
1054 540 1280 604 Atilius
1307 541 1400 602 M.
1432 540 1506 604 F.
1541 540 1634 603 Μ.
1672 540 1761 603 N.
1810 541 2106 622 Regulus,
2133 552 2195 604 et

291 637 409 698 Cn.
456 637 769 698 Cornelius
812 638 884 701 L.
933 638 1008 699 F.
1090 639 1208 701 Cn.
1254 639 1343 699 N.
1403 639 1609 701 Blasio
1667 641 1873 701 iterum
1924 640 2194 701 consules

287 745 536 808 essent‚“
556 757 723 797 sacra
740 737 1013 818 quaedam
1040 738 1420 820 procurandis
1441 738 1721 821 prodigiis
1748 739 1873 799 fieri
1903 739 2077 799 solita
2102 759 2193 799 se·
2216 746 2384 797 Zonar.

285 843 464 894 nattis
495 833 781 895 faciunda
809 837 1059 908 censuit,
1102 836 1262 916 quod
1290 839 1348 897 in
1386 837 1637 898 Albano
1680 847 1898 909 monte,
1934 837 2193 918 locisque

285 930 424 992 aliis
449 931 735 1012 pluribus,
766 942 943 1015 atque
970 933 1121 994 adeo
1149 936 1206 993 in
1233 935 1375 995 urbe
1416 936 1569 1016 ipsa,
1608 935 1836 1017 lapides
1860 934 2194 1016 frequentes

283 1029 591 1107 grandinis
640 1030 820 1091 instar
867 1031 1229 1092 deciderant.
1334 1032 1578 1092 Latinas
1629 1032 1806 1092 ferias
1856 1032 2189 1104 instaurari,
2215 1038 2347 1089 Fasti
2359 1037 2523 1104 Capit.

282 1145 586 1206 causaque
614 1147 814 1187 earum
840 1129 1186 1189 dictatorem
1213 1129 1331 1189 dici
1358 1131 1550 1190 visum
1575 1138 1684 1189 est.
1770 1130 1852 1196 Q.
1899 1129 2195 1208 Ogulnius
2294 1188 2306 1198 ,

286 1221 362 1282 L.
394 1222 466 1283 F.
497 1224 585 1284 A.
615 1223 702 1286 N.
749 1225 969 1285 Gallus
994 1226 1269 1298 dictator,
1301 1225 1394 1287 M.
1427 1227 1714 1287 Laetorius
1745 1225 1838 1286 M.
1869 1225 1940 1285 F.
1974 1224 2067 1285 M.
2094 1225 2185 1286 N.

285 1319 662 1381 Plancianus
701 1324 976 1401 magister
1016 1324 1280 1403 equitum
1323 1323 1580 1383 fuerunt.
1668 1321 1743 1382 Ο.
1789 1322 2039 1393 Atilius,
2089 1323 2191 1403 qui

283 1416 462 1476 classi
514 1428 785 1498 praeerat,
841 1419 917 1478 ad
967 1419 1368 1500 Tyndaridem
1410 1419 1633 1479 Siciliae
1669 1439 1803 1480 cum
1850 1418 2191 1499 appulisset,
2220 1418 2394 1483 P0¹5b·

282 1515 536 1575 classem
590 1515 884 1577 Punicam
927 1516 1129 1576 ordine
1188 1536 1392 1597 parum
1432 1516 1757 1598 composito
1812 1516 2189 1597 praeternavi-

285 1623 523 1691 gantem
575 1615 966 1694 conspicatae,
1009 1616 1138 1693 ejus
1180 1614 1592 1695 oppugnandae
1645 1612 1950 1674 consilium
1998 1613 2192 1672 subito

284 1710 482 1790 cepit:
530 1712 826 1791 jussisque
877 1711 1042 1791 sequi
1078 1711 1289 1771 ceteris
1331 1711 1600 1781 navibus,
1645 1711 1767 1790 ipse
1808 1729 1943 1769 cum
1983 1708 2191 1770 decem

284 1826 420 1888 quae
444 1808 648 1888 primae
675 1808 864 1888 parari
890 1817 1201 1889 potuerunt
1225 1807 1444 1879 evolat,
1473 1816 1536 1867 et
1561 1807 1638 1866 ad
1671 1806 1893 1867 Poenos
1907 1807 2037 1885 jam
2064 1806 2191 1866 lon-

286 1904 416 1983 gius
468 1914 705 1964 evectos
755 1924 982 1965 summa
1030 1904 1292 1965 velorum
1369 1923 1772 1983 remorumque
1818 1903 2191 1964 contentione
2314 1903 2325 1912 '

287 2001 496 2080 pergit·

365 2104 470 2158 29.
518 2096 837 2159 Hamilcar
863 2098 921 2158 in
947 2118 1020 2160 ea
1044 2097 1230 2158 classe
1271 2100 1618 2168 vehebatur,
1665 2118 1780 2158 non
1807 2106 2185 2158 contemnen-

285 2194 398 2255 dus
423 2195 774 2275 imperator:
819 2197 924 2275 qui
954 2215 1175 2276 paucas
1197 2195 1309 2255 sibi
1338 2216 1516 2256 naves
1543 2196 1757 2255 instare
1783 2195 2011 2268 videns,
2041 2194 2188 2254 alias

287 2301 459 2372 portu
485 2291 588 2351 vix
619 2312 879 2370 egram-sas
903 2312 1050 2363 esse,
1079 2312 1352 2371 magnam
1390 2302 1614 2373 partem
1653 2293 1970 2352 etiamnum
1998 2293 2056 2350 in
2085 2310 2187 2350 an-

287 2390 482 2450 choris
522 2390 767 2460 haerere‚
810 2409 1091 2449 converso
1115 2409 1285 2449 cursu
1317 2388 1393 2449 Ο.
1424 2388 1682 2448 Atilium
1723 2392 1969 2468 ejusque
2012 2407 2192 2446 naves

287 2496 412 2547 tota
440 2486 628 2547 classe
653 2486 1054 2546 circumvenit.
1140 2485 1567 2565 Deprimuntur
1593 2484 1859 2544 celeriter
1877 2504 2056 2544 naves
2092 2503 2195 2542 no·

289 2602 445 2655 vem,
473 2584 682 2664 impari
708 2583 1015 2643 adversum
1044 2591 1210 2642 tanto
1240 2581 1435 2663 plures
1460 2582 1778 2643 certamine
1800 2579 2189 2660 nequicquam

286 2682 485 2740 omnia
532 2689 815 2761 expertae.
910 2680 1207 2740 Praetoria
1245 2689 1441 2739 tamen
1489 2677 1710 2738 meliori
1755 2697 1932 2757 quam
1979 2684 2188 2735 ceterae

287 2776 518 2838 fuerant
569 2778 810 2856 remigio
848 2777 1150 2847 instructa,
1193 2777 1481 2855 sociisque
1530 2774 1836 2835 navalibus
1880 2770 2189 2853 praesentia

286 2874 541 2934 consulis
584 2874 876 2945 animatis,
921 2874 984 2933 vi
1026 2873 1308 2954 perrupit,
1353 2872 1716 2951 salutemque
1760 2870 2014 2929 invenit:
2055 2868 2186 2946 jam

286 2972 440 3031 enim
468 2971 720 3031 aderant
745 2969 1154 3031 Romanorum
1181 2970 1314 3029 aliae
1342 2990 1542 3038 naves,
1572 2987 1818 3048 quarum
1839 2973 2189 3047 superventu

287 3078 548 3129 mutatur
583 3068 822 3128 fortuna
857 3086 1093 3148 pugnae,
1136 3076 1474 3144 merguntur
1517 3064 1770 3125 Punicae
1814 3082 1996 3123 naves
2030 3071 2186 3131 oct0,
2214 3072 2381 3122 zonat.

287 3166 602 3245 capiuntur
628 3184 763 3224 cum
800 3165 937 3245 ipsis
969 3163 1285 3242 remigibus
1328 3162 1534 3222 decem
1558 3181 1572 3221 ε
1632 3159 1874 3240 reliquae
1903 3158 1979 3217 ad
2009 3158 2187 3238 Lipa-
2214 3170 2389 3233 Polyb.

287 3280 534 3321 raeorum
561 3260 780 3321 insulas
805 3259 1114 3319 intendunt
1137 3279 1387 3318 cursum.
1459 3257 1621 3319 Haec
1647 3256 1789 3315 mari
1819 3264 2001 3333 gesta.
2043 3253 2188 3312 Ter-

289 3360 558 3419 restrium
600 3357 901 3438 copiarum
943 3355 1173 3434 segnius
1205 3354 1425 3415 bellum
1469 3354 1604 3424 fuit,
1648 3354 1791 3413 urbe
1822 3352 2038 3431 Lipara
2065 3350 2188 3409 sine
2212 3364 2384 3412 Zona.

287 3474 557 3515 succeoeu
583 3461 961 3536 oppugnata:
1005 3452 1109 3511 sed
1136 3452 1194 3512 in
1224 3460 1557 3532 apertorum
1601 3450 1863 3510 locorum
1905 3447 2187 3507 vastatio·
2213 3458 2351 3510 Oreo.
2371 3474 2443 3510 xv.
2466 3465 2516 3511 8.

288 3570 421 3610 nem
444 3550 717 3610 daeaeviit
740 3549 968 3609 hostilis
993 3550 1116 3609 ira:
1160 3547 1482 3627 eademque
1508 3546 1816 3607 calamitas
1842 3545 2020 3605 etiam
2049 3542 2187 3603 Me-

289 3647 432 3708 liten
455 3646 714 3707 insulam
738 3645 900 3706 haud
927 3646 1098 3724 longe
1123 3645 1388 3705 dissitam
1414 3641 1878 3723 comprehendit.
1932 3641 2034 3701 Ob
2061 3640 2188 3699 haec
2211 3655 2516 3722 FastiCupit.

292 3753 458 3823 gesta
500 3743 581 3803 Ο.
625 3741 855 3803 Atilius
894 3742 1098 3803 consul
1143 3741 1498 3822 triumphum
1543 3738 1817 3800 navalem
1857 3737 1933 3797 de
1984 3735 2189 3795 Poenis

290 3841 432 3919 egit.
518 3839 750 3901 Eodem
777 3859 928 3901 anno
953 3840 1131 3900 etiam
1158 3838 1244 3900 A.
1265 3838 1490 3898 Atilius
1511 3834 1853 3919 proconsule
1872 3854 1947 3894 ex
1977 3831 2189 3893 Sicilia
2211 3820 2518 3870 Aucudovir.

291 3937 368 3997 de
414 3936 620 3998 Poenis
669 3937 1052 4018 triumphavit
1102 3936 1188 3996 A.
1237 3935 1323 3999 D.
1370 3951 1519 3995 mv.
1565 3932 1873 3994 Kalendas
1927 3883 2516 4015 Jc'ebma-⁵1¹=¹..‘2‚‘{{’c..p1t⁰

911 4204 939 4228 “
973 4194 1038 4246 Α.
1061 4194 1128 4246 U.
1150 4193 1209 4247 C.
1233 4198 1348 4246 49⁵.
1383 4193 1450 4244 A.
1468 4194 1531 4244 C.
1554 4197 1672 4246 85⁷.
