3025 4892
491 357 672 425 201⁰
1451 368 1520 418 vr.
1570 362 1761 419 mvn

496 520 625 599 sul,
653 539 694 584 a
741 517 1146 603 primoribus
1191 517 1474 584 accitus.
1569 517 1702 582 Die
1728 534 1858 581 nno
1890 510 2281 581 Suessulam
2316 533 2359 580 a
2392 508 2699 591 eamus,

493 643 646 688 cnm
674 619 1044 688 Vulturnus
1089 623 1301 687 amnis
1347 620 1800 706 trajicientem
1846 624 2146 684 moratus
2174 623 2374 695 esset,
2420 624 2695 682 conten-

493 727 701 791 derat.
790 725 953 790 Inde
985 725 1292 810 proxima
1329 731 1527 790 nocte
1566 744 1687 789 sex
1726 723 1935 788 millia
1966 721 2268 807 peditum
2298 723 2697 805 equitesque

492 836 854 907 trecentos,
885 832 1001 915 qui
1049 829 1378 913 praesidio
1415 829 1678 893 senatui
1728 834 1975 904 essent,
2009 824 2257 891 Nolam
2288 823 2699 889 intromisit:

494 942 589 1011 ct,
616 935 712 999 uti
741 953 786 998 a
814 933 1089 999 consule
1119 933 1342 998 omnia
1384 933 1666 1015 impigre
1700 931 1878 997 facta
1915 937 2073 995 sunt
2102 927 2190 994 ad
2219 944 2700 1012 praeooeupan·

495 1037 653 1102 dam
699 1035 977 1114 Nolam,
1020 1036 1121 1102 ita
1168 1035 1520 1101 Hannibal
1566 1044 1837 1119 tempus
1882 1034 2180 1113 terebat3
2224 1033 2330 1097 bis
2359 1031 2510 1116 jam
2543 1040 2703 1097 ante

493 1141 937 1225 nequicquam
988 1146 1251 1204 tentata
1307 1158 1410 1217 re,
1473 1139 1736 1221 segnior
1792 1137 1881 1203 ad
1941 1136 2349 1203 credendum
2407 1134 2705 1200 Nolanis

496 1241 753 1307 factus.
887 1244 958 1297 ab*

580 1346 688 1410 14.
741 1313 990 1409 lisdem
1038 1343 1281 1408 diebus
1335 1350 1403 1409 et
1454 1340 1548 1422 Q.
1596 1341 1851 1408 Fabius
1902 1342 2137 1409 consul
2180 1341 2268 1408 ad
2321 1340 2703 1430 casinum

491 1447 898 1525 tentandum,
927 1446 1114 1532 quod
1166 1446 1482 1531 proesidio
1536 1445 1805 1511 Punico
1850 1447 2224 1524 tenebatur,
2252 1446 2474 1524 venit3
2519 1450 2588 1508 et
2612 1442 2701 1508 ad

493 1551 968 1629 Beneventum,
1013 1551 1197 1615 velut
1240 1569 1328 1613 ex
1382 1549 1797 1631 composito,
1837 1558 2028 1633 parte
2066 1549 2283 1614 altera
2318 1547 2583 1613 Hanno
2614 1567 2703 1612 ex

493 1656 775 1719 Bruttiis
807 1675 957 1718 cum
993 1672 1232 1737 magna
1281 1652 1577 1738 peditum
1614 1653 2050 1738 equitumque
2093 1669 2321 1728 manu,
2348 1650 2567 1716 alte-ra
2592 1650 2703 1715 Τί.

493 1757 849 1824 Gracchus
878 1758 969 1823 ab
1001 1756 1298 1821 Luceria
1321 1756 1651 1821 accessit:
1683 1756 1799 1839 qui
1823 1756 2036 1839 primo
2053 1754 2381 1839 oppidum
2403 1754 2707 1820 intravit-

491 1859 779 1936 Deinde,
814 1866 885 1925 nt
913 1859 1325 1924 Hannonem
1356 1858 1487 1923 tria
1516 1857 1731 1923 millia
1750 1857 1963 1923 ferme
1983 1858 2069 1922 ab
2094 1858 2259 1922 urbe
2283 1856 2368 1923 ad
2388 1857 2705 1922 Calorem

490 1963 823 2029 fluvium?
873 1970 1101 2028 castra
1145 1962 1466 2047 posuisse
1511 1968 1582 2027 et
1623 1961 1782 2026 inde
1826 1980 2053 2045 agrum
2086 1961 2395 2047 populari
2422 1960 2705 2038 audivit,

492 2075 565 2133 et
611 2067 790 2151 ipse,
833 2084 1149 2150 egressus
1195 2067 1551 2143 moenibus,
1598 2060 1791 2130 mille
1833 2065 2041 2131 ferme
2093 2083 2340 2149 passus
2385 2065 2477 2129 ab
2508 2062 2709 2127 hoste

492 2176 715 2236 castra
749 2170 949 2246 locat,
995 2168 1224 2252 ibique
1261 2168 1659 2233 concionem
1702 2167 1986 2233 militum
2020 2166 2274 2231 habuit.
2363 2165 2706 2247 Legiones

491 2291 734 2355 magna
764 2292 856 2335 ex
886 2277 1074 2354 parte
1104 2270 1417 2335 volonum
1444 2269 1779 2350 habebat3
1803 2277 1831 2316 ‘³
1861 2270 1979 2354 qui
1990 2269 2134 2354 jam
2159 2269 2434 2335 alterum
2456 2288 2703 2335 annum

490 2374 862 2440 libertatem
894 2375 1099 2439 tacite
1128 2373 1387 2451 mereri,
1411 2391 1615 2459 quam
1647 2370 1990 2458 postulare
2030 2373 2278 2458 palam,
2305 2372 2707 2438 maluerant.

491 2478 813 2542 Senserat
835 2482 1081 2555 tamen,
1099 2476 1409 2561 hybernis
1432 2475 1806 2559 egrediens,
1834 2494 2129 2539 murmur
2157 2475 2224 2541 in
2257 2475 2527 2558 agmine
2554 2493 2713 2539 esse

492 2581 959 2665 quaerentium,
1006 2584 1027 2614 ‘
1052 2599 1134 2644 en
1165 2598 1464 2664 unquam
1511 2579 1755 2644 liberi⁹
1781 2578 2130 2645 militaturi
2156 2584 2375 2643 essent
2393 2576 2447 2642 Υ
2488 2579 2705 2661 scrip·

490 2688 799 2768 seratque
843 2683 1140 2761 senatui,
1179 2702 1318 2747 non
1364 2691 1502 2747 tam
1548 2680 1712 2767 qnid
1756 2681 2241 2761 desiderarent,
2288 2702 2494 2768 qnam
2540 2680 2705 2766 qnid

489 2787 937 2853 meruissent}
982 2790 1004 2821 ‘
1027 2787 1212 2852 bona
1257 2783 1554 2869 sortique
1598 2802 1804 2868 opera
1853 2802 2076 2850 eornm
2111 2804 2186 2849 se
2216 2785 2306 2850 ad
2336 2805 2490 2850 eam
2521 2784 2705 2850 dier-

491 2908 724 2953 usum:
789 2907 1011 2972 neque
1069 2886 1156 2952 ad
1212 2887 1599 2970 exemplum
1648 2886 1819 2971 justi
1881 2887 2113 2952 militis
2167 2889 2535 2973 quicquam
2586 2890 2713 2963 eis,

492 2999 748 3075 praeter
787 2991 1193 3081 libertatem,
1246 2986 1532 3053 deesse-⁹
1622 2988 1731 3055 De
1776 3008 1863 3054 eo
1914 2990 2317 3074 permissum
2360 2992 2498 3076 ipsi
2541 2998 2711 3068 erat,

491 3094 765 3169 faceret,
798 3092 977 3178 quod
998 3112 1036 3157 e
1067 3112 1137 3158 re
1167 3091 1442 3176 publica
1466 3090 1743 3157 duceret
1769 3112 1950 3159 csse.
1998 3092 2240 3180 Itaque
2270 3094 2485 3180 priuS,
2500 3114 2706 3180 quam

493 3214 646 3259 cum
678 3194 880 3259 hoste
908 3214 1180 3260 manum
1213 3209 1613 3275 consereret,
1644 3198 2048 3280 pronuntiat,
2083 3202 2104 3232 ‘
2134 3207 2403 3282 tempus
2436 3198 2713 3263 venisse

496 3300 598 3363 eis
623 3306 677 3338 ¹0
713 3300 1075 3379 libertatis,
1112 3319 1317 3386 qnam
1356 3300 1473 3365 din
1510 3307 1918 3385 sperassent,
1950 3284 2323 3386 potiundae.
2412 3302 2709 3367 Postero

494 3400 606 3468 die
631 3403 841 3487 signis
872 3403 1142 3470 collatis
1167 3402 1633 3469 dimicaturum
1663 3423 1843 3489 puro
1864 3423 1946 3470 ac
1972 3405 2229 3490 patenti
2260 3412 2551 3490 campo:
2582 3403 2705 3471 ubi

1419 3586 1787 3608 emuncto

558 3706 592 3750 ⁹
629 3702 975 3768 Quaerenti-nt,
1006 3718 1303 3769 nunquamne
1333 3704 1472 3763 liberi
1509 3702 1644 3756 Eud.
1683 3711 1808 3756 ante
1845 3703 2210 3757 Gronov-1⁰
2242 3705 2364 3769 Εἱυ
2388 3700 2523 3759 edd.
2548 3722 2582 3757 a
2604 3708 2715 3771 C.-

1498 3869 1716 3921 NOTAE

560 3987 587 4022 Ρ
616 3977 700 4029 Aa
741 3980 958 4032 Colore-
975 3982 1210 4047 fimi-sn}
1245 3984 1394 4035 Ana·
1426 3986 1567 4035 Cdo-
1702 3993 1730 4028 ³
1757 3985 1984 4037 Velenus·
2007 3984 2230 4049 machot]
2262 3985 2541 4036 Servor·-
2566 4000 2711 4036 neur—

495 4065 621 4106 nem-
687 4053 872 4106 Amnis
912 4067 991 4109 est
1035 4074 1103 4111 ex
1151 4059 1425 4125 Apennino
1471 4076 1567 4125 per
1636 4076 1727 4127 pe,
1759 4064 1847 4128 qni
1887 4063 2153 4113 voluntate
2188 4078 2333 4113 arma
2364 4074 2614 4129 ceperam
2644 4063 2715 4113 u-

496 4130 836 4197 Hirpinurum
882 4135 1144 4200 regionem
1184 4137 1238 4186 in
1277 4136 1566 4188 Sabbatum
1637 4138 1855 4191 bertari·
1877 4139 2227 4204 adipiscende
2249 4153 2423 4189 mm

497 4204 744 4271 defluens,
768 4222 871 4257 non
896 4214 1073 4275 procul
1094 4213 1417 4266 Benevento.
1459 4214 1565 4267 Ve·
1703 4222 1724 4250 ¹’
1742 4216 1949 4266 Pru-occ
1965 4217 2151 4280 menti
2164 4217 2350 4282 mo]
2375 4216 2551 4267 Purus
2568 4230 2715 4267 eun·

500 4290 584 4334 tus
609 4299 797 4335 nomen
819 4286 986 4339 adime
1009 4289 1220 4343 retinet.
1639 4307 1735 4357 pur
1768 4292 1852 4345 bic
1885 4293 2204 4359 appellatur,
2219 4308 2347 4353 non,
2368 4302 2427 4345 nt
2456 4294 2597 4359 apud
2619 4293 2712 4357 jn·
