3025 4892
997 390 1139 438 ms.
1186 388 1417 438 xxiv·
1464 390 1624 439 οΑΡ.
1670 373 1778 439 23.
2299 373 2471 443 2027

357 533 470 599 23.
516 533 688 599 Post
734 533 908 599 hanc
955 535 1323 599 orationem
1377 534 1601 601 claves
1651 541 1983 620 portarum
2034 539 2470 624 pecuniaeque

272 636 477 719 regiae
525 645 686 703 ante
731 637 938 723 pedes
980 656 1209 702 eorum
1256 638 1505 721 posuit.
1595 636 1823 724 Atque
1873 640 1993 706 illo
2042 641 2306 726 quidem
2361 644 2475 708 die

275 739 540 807 dimissi
585 760 673 806 ex
721 741 1042 806 concione
1086 740 1251 822 laeti,
1277 741 1458 806 circa
1501 742 1728 809 omnia
1758 742 1920 809 fana
1966 743 2187 809 Deum
2214 747 2473 831 suppli·

272 851 599 910 caverunt
617 863 780 910 cum
810 844 1212 929 conjugibus
1250 864 1335 909 ac
1380 846 1650 911 liberis:
1712 853 1991 930 postero
2038 845 2150 913 die
2195 850 2472 914 comitia

269 947 672 1030 praetoribus
697 954 745 996 ¹⁵
796 947 1101 1014 creandis
1148 946 1401 1013 habita.
1490 948 1787 1014 Creatus
1837 949 1903 1014 in
1943 949 2180 1035 primis
2212 950 2469 1017 Andra-

269 1046 605 1134 nodorus3
647 1050 852 1116 ceteri
871 1069 1115 1134 magna
1133 1070 1225 1115 ex
1251 1055 1440 1135 parte
1461 1050 1920 1117 interfectores
1943 1055 2227 1138 tyranni.
2273 1055 2471 1119 Duos

272 1153 477 1219 etiam
505 1155 839 1235 absentes,
871 1155 1227 1239 Sopatrum
1257 1175 1340 1222 ac
1371 1154 1896 1234 Dinomenem,¹⁶
1933 1155 2255 1223 fecerunt.
2300 1155 2467 1237 Qui,

271 1256 548 1336 auditis,
577 1276 734 1341 quae
777 1257 1135 1343 Syracusis
1174 1264 1332 1324 acta
1378 1266 1590 1336 erant,
1621 1258 1973 1343 pecuniam
2005 1260 2280 1341 regiam,
2311 1279 2467 1343 quae

269 1361 340 1426 in
369 1360 716 1428 Leontinis
763 1371 930 1442 erat,
976 1363 1352 1448 Syracusas
1393 1364 1761 1439 devectam,
1793 1363 2245 1447 quaestoribus
2274 1362 2360 1427 ad
2397 1361 2467 1425 i‘d

269 1463 499 1547 ipsum
546 1465 793 1531 creatis
845 1464 1300 1548 tradiderunt3
1362 1473 1435 1531 et
1483 1485 1591 1546 ea,
1620 1485 1775 1551 quoe
1820 1466 1889 1531 in
1935 1465 2172 1531 Insula
2214 1474 2359 1531 erat
2399 1474 2471 1528 et

267 1559 682 1648 Achradina,
727 1568 971 1636 tradita
1014 1576 1159 1651 est;
1185 1577 1237 1619 ¹⁷
1282 1571 1591 1654 murique
1625 1589 1708 1636 ea
1737 1589 1911 1654 pars,
1939 1587 2096 1654 quaa
2126 1570 2213 1636 ab
2244 1578 2468 1635 cetera

267 1670 430 1735 urbe
456 1671 650 1736 nimis
674 1671 864 1739 firmo
890 1672 1298 1741 munimento
1324 1674 1807 1760 intersepiebat
1836 1672 2158 1752 Insulam,
2188 1693 2463 1738 consen-

266 1792 352 1839 su
394 1775 693 1841 omnium
736 1774 1005 1862 dejecta
1048 1783 1176 1842 est.
1260 1775 1532 1842 Secutae
1572 1781 1641 1841 et
1683 1781 1920 1842 ceterae
1951 1794 2060 1840 res
2087 1776 2256 1841 banc
2284 1777 2471 1841 incli-

265 1878 602 1944 nationem
657 1879 1033 1945 animorum
1095 1880 1185 1948 ad
1250 1881 1643 1946 libertatem.
1733 1878 2197 1963 Hippocrates
2260 1887 2467 1965 atque

268 1978 634 2066 Epicydes,
665 1976 909 2049 audita'
926 1991 1142 2050 morte
1187 1984 1473 2069 tyranni,
1502 2000 1702 2068 quam
1745 1981 2234 2066 Hippocrates,
2263 1983 2469 2047 etiam

264 2085 504 2150 nuntio
548 2085 909 2162 interfecto,
940 2087 1159 2153 celare
1201 2087 1533 2166 voluerat,
1566 2085 1812 2150 deserti
1843 2103 1885 2148 a
1913 2083 2268 2162 militibus,
2301 2087 2468 2170 quia

265 2186 338 2251 id
369 2189 768 2255 tutissimum
797 2209 888 2256 ex
919 2192 1364 2275 praesentibus
1393 2188 1768 2266 videbatur,
1793 2186 2168 2272 Syracusas
2187 2188 2465 2253 rediere.

265 2287 410 2356 Ubi
456 2311 541 2357 ne
602 2295 899 2379 suspecti
935 2288 1583 2370 'obversarentur‚¹⁸¹
1634 2296 1952 2375 tanquam
2011 2290 2307 2356 novandi
2359 2311 2467 2356 res

263 2392 559 2479 aliquam
586 2397 1020 2463 occasionem
1053 2405 1450 2483 quaerentes,
1474 2401 1797 2480 praetores
1819 2393 2132 2478 primum,
2157 2392 2313 2458 dein
2346 2413 2469 2477 per

263 2515 386 2561 eos
433 2507 744 2565 senatum
786 2500 1059 2567 adeunt.
1147 2500 1301 2566 ‘Ab
1344 2498 1733 2567 Hannibale
1776 2516 1853 2561 se
1895 2495 2187 2563 missos'
2216 2497 2468 2580 praedi-

263 2606 420 2666 cant
464 2605 484 2635 ‘
506 2601 594 2666 ad
636 2602 1146 2689 Hieronymum,
1177 2611 1491 2690 tanquam
1525 2603 1820 2668 amicum
1849 2617 1933 2664 ac
1962 2601 2240 2665 socium.
2329 2599 2466 2664 Pa-

262 2703 483 2768 ruisse
515 2706 792 2791 imperio
817 2708 1054 2792 ejuS,¹⁹
1084 2708 1277 2793 cujus
1307 2708 1669 2790 imperator
1686 2723 1853 2768 suus
1873 2701 2218 2768 voluerit.‘⁰
2267 2700 2468 2767 Velle

264 2806 353 2871 ad
404 2806 862 2877 Hannibalem
907 2811 1139 2876 redire.
1227 2809 1566 2885 Ceterum,
1607 2825 1760 2871 cum
1792 2807 1920 2871 iter
1950 2810 2161 2869 tutum
2192 2823 2323 2868 non
2351 2806 2463 2882 sit,

262 2911 662 2994 vagantibus
707 2915 960 2998 passim
991 2933 1112 2998 per
1140 2920 1347 2979 totam
1381 2911 1682 2976 Siciliam
1717 2908 2049 2975 Romanis
2096 2909 2319 2985 armis,
2352 2928 2465 2990 pe-

263 3019 425 3092 tere,
452 3020 530 3079 ut
567 3017 864 3100 praesidii
915 3017 1075 3082 dent
1123 3014 1409 3101 aliquid,
1441 3033 1579 3099 quo
1622 3012 1879 3079 Locros
1919 3012 1984 3076 in
2015 3011 2284 3076 Italiam
2314 3031 2464 3094 per-

1188 3196 1278 3217 001
1252 3194 1551 3217 ‘W

332 3310 447 3362 16‘
469 3310 600 3362 Pur.
616 3311 738 3365 Pet.
757 3312 909 3363 Voss.
944 3318 1236 3378 μυίσκαι
1269 3311 1407 3362 unde
1444 3325 1548 3361 non
1588 3308 1810 3360 absurde
1847 3307 2142 3373 suspicatur
2171 3308 2466 3365 Salmasius,

258 3378 758 3493 3⁰⁷⁸&ssdessss
788 3378 1517 3501 {offlam-ssim
1450 3373 2396 3514 ’ῙῗαῗζιὲᾝῗῖιῐζοῗἭ.
2399 3400 2465 3475 Ξ

265 3510 328 3556 18
366 3507 743 3558 Observa-mm
764 3509 900 3558 Edd.
923 3516 1047 3559 aute
1071 3509 1304 3559 Crevier.
1307 3511 1437 3556 ——19
1473 3504 1769 3554 Delendum
1797 3501 1857 3551 τὸ
1877 3501 1994 3562 dus,
2022 3510 2113 3553 ant
2135 3503 2240 3564 leg.
2262 3503 2340 3551 cni
2361 3516 2465 3550 mo-

260 3578 353 3621 net
375 3572 427 3624 J.
451 3573 511 3623 F.
536 3572 772 3625 Gronov.
802 3575 1037 3624 ‘Durior
1057 3588 1180 3624 sane
1201 3572 1444 3632 omissi03
1479 3577 1536 3620 at
1557 3571 1721 3619 multo
1743 3568 1952 3633 segnior
1974 3567 2346 3631 onerosior-que
2369 3569 2467 3615 ite-

1254 3729 1471 3785 No'rffi:

332 3833 348 3868 ¹
374 3834 762 3898 Ubiunmpecti
778 3834 1137 3886 domarentur
1152 3833 1329 3898 [obsn-
1475 3839 1513 3866 ¹⁸
1547 3830 1779 3882 Par-uisse
1798 3829 1996 3894 inperio
2023 3826 2141 3892 dus,
2156 3826 2291 3890 σεύας
2320 3828 2463 3892 impe-

260 3912 519 3978 meatur]
541 3912 752 3963 Mavult
772 3913 1007 3965 Gronov.
1029 3913 1328 3963 obvmaren-
1407 3916 1547 3963 rator
1567 3925 1677 3961 m
1695 3907 1920 3973 uoluerit]
1957 3907 2074 3958 Hoc
2090 3907 2292 3965 melius,
2314 3920 2466 3971 qnam

260 3996 366 4054 tar,
388 3988 443 4039 id
461 3999 560 4047 est,
579 4004 646 4041 ne
664 3990 987 4042 obversando
1010 3998 1066 4041 et
1082 3991 1326 4042 obambu-
1409 3988 1550 4055 quod
1572 3988 1804 4038 Gronov.
1825 3988 1954 4049 vult,
1974 3990 2064 4034 ant
2084 3982 2144 4032 τὸ
2162 3983 2264 4044 (ias
2282 3982 2467 4045 deleri,

262 4066 424 4117 lando
446 4066 676 4131 suspecti
696 4065 902 4117 fierent.
926 4066 1032 4116 Sed
1046 4066 1171 4116 nibil
1192 4066 1327 4117 tantl
1408 4073 1499 4116 aut
1529 4063 1688 4116 scribi
1715 4064 1824 4113 cai.-
1856 4068 1940 4112 est
1969 4061 2104 4112 enim
2135 4060 2350 4149 praticae
2378 4060 2466 4108 im·

264 4150 383 4193 est·
427 4141 589 4193 babet
622 4144 759 4193 enim
802 4156 904 4193 non
949 4142 1325 4195 incommodum
1401 4142 1534 4209 perio
1550 4142 1670 4206 dus,
1689 4142 1838 4205 cujus
1859 4139 2079 4204 imperio
2097 4151 2280 4202 parere
2304 4136 2467 4198 impe·

263 4232 474 4271 sensum
493 4218 554 4268 τὸ
575 4219 951 4284 observarentur,
972 4220 1026 4272 ld
1057 4228 1161 4285 est,
1180 4229 1330 4299 nota-7
1405 4229 1551 4273 rator
1572 4234 1694 4273 suns
1714 4216 1957 4280 voluerit,
1979 4228 2165 4282 nempe
2185 4213 2467 4265 Hannibal.

265 4302 452 4349 rentur
471 4302 719 4365 tanquam
740 4297 987 4364 suspecti.
1213 4278 1324 4337 *ds

1241 4350 1288 4365 'Xe
