3025 4892
504 372 676 441 1628
1471 386 1544 434 τ.
1590 386 1784 435 mvn

814 546 935 589 111.
980 528 1196 590 Nonas
1239 527 1511 589 Martias.
1613 527 1815 588 Causa
1854 529 1982 606 ejus
2030 527 2264 587 consilii
2302 525 2518 598 fuerat,
2562 524 2726 607 quod

823 627 948 707 ipse
987 627 1101 686 sibi
1142 626 1567 707 restriumpho
1602 625 1811 704 dignas
1851 623 2089 703 gessisse
2136 624 2464 694 videbatur,
2507 634 2727 704 pacata

532 731 795 782 VnLMax.
821 723 1062 783 tandem
1108 723 1390 783 Corsica:
1437 743 1628 803 neque
1677 723 1753 782 ab
1795 730 1999 781 senatu
2039 721 2319 780 honorem
2359 722 2723 801 eumjmpe-

499 810 580 848 ¹¹¹·
607 802 657 848 ὃ·
681 804 728 849 ⁶·
820 822 1036 880 trabat.
1112 818 1307 901 quue
1333 818 1615 899 deinceps
1641 818 1977 899 exemplum
2005 817 2206 877 multis
2230 817 2306 877 ad
2334 817 2724 880 imitationem

821 916 1069 997 placuit,
1108 928 1176 978 ut
1210 925 1423 996 negato
1457 917 1571 976 sibi
1601 916 1899 996 triumpho
1925 916 1985 974 in
2014 914 2262 974 Albano
2287 922 2485 974 monte
2510 915 2722 976 trium-

530 1009 660 1062 Pfifl·
682 1026 772 1062 ΧΥ·
820 1015 1090 1096 pharent.
1174 1015 1483 1096 Spectavit
1522 1013 1739 1073 deinde
1786 1011 1958 1072 ludos
2000 1021 2194 1092 myrto
2237 1020 2574 1082 coronatus,
2619 1011 2723 1074 de·

490 1080 682 1193 1³0⁹&st
693 1155 799 1191 voc,
821 1110 977 1173 lecta
1000 1114 1113 1175 bac
1137 1131 1358 1173 corona
1381 1112 1459 1171 ob
1487 1111 1829 1171 memoriam
1857 1109 1942 1169 rei
1968 1117 2168 1188 gestae,
2193 1107 2355 1188 quod
2397 1108 2457 1168 in
2493 1110 2723 1189 campis

493 1213 507 1234 ‘
525 1204 753 1273 Myrtea’
820 1210 1061 1291 myrteis
1081 1209 1298 1270 Corsos
1322 1216 1720 1290 superaverat.

491 1319 662 1370 zonat.
806 1359 815 1365 .
897 1312 997 1366 23.
1042 1305 1335 1366 Sardiniae
1377 1304 1757 1385 Corsicaeque
1799 1304 2054 1364 motibus
2084 1301 2442 1383 compositis,
2473 1301 2723 1380 Ligures

814 1405 1136 1472 restabant,
1157 1402 1437 1463 adversus
1464 1423 1614 1482 quos
1639 1401 1797 1461 missi
1823 1399 2094 1461 consules
2122 1398 2213 1459 M.
2237 1399 2516 1459 AEmilius
2544 1399 2616 1458 L.
2648 1398 2717 1459 F.

814 1499 898 1567 Q.
923 1498 1011 1559 N.
1044 1499 1335 1571 Barbula,
1361 1499 1452 1559 Μ.
1475 1498 1694 1558 Junius
1723 1497 1805 1557 D.
1833 1497 1903 1556 F.
1930 1496 2012 1556 D.
2038 1495 2126 1556 N.
2156 1493 2556 1566 Pera,sinte1‘·
2581 1516 2716 1576 pro-

810 1594 1189 1660 ficiscendum
1234 1605 1537 1677 comperto
1582 1594 1799 1655 Gallos
1842 1595 2018 1654 rebus
2062 1594 2228 1654 novis
2270 1592 2526 1663 studere,
2572 1592 2719 1656 fines

808 1692 1046 1753 illorum
1086 1714 1223 1754 cum
1267 1695 1533 1754 exercitu
1582 1694 1966 1753 intraverunt.
2074 1689 2335 1751 Irritatis
2378 1690 2536 1749 enim
2586 1689 2714 1769 lege

810 1788 1109 1850 Flaminia
1145 1789 1462 1850 Gallorum
1504 1790 1738 1858 animis,
1765 1799 1939 1849 natus
1981 1797 2110 1848 erat
2146 1796 2335 1848 metus
2370 1786 2615 1857 Romae,
2643 1808 2716 1847 ne

807 1886 952 1966 quid
980 1887 1325 1947 molirentur
1349 1887 1615 1946 homines
1640 1885 1760 1945 laeti
1792 1885 1975 1954 belle,
1996 1895 2058 1945 et
2075 1884 2151 1944 ad
2178 1886 2325 1945 iram
2346 1884 2713 1965 praecipites:

806 2003 990 2063 quare
1027 2005 1214 2065 nuper
1248 1984 1510 2046 edictum
1548 1983 1744 2043 fuerat
1777 2004 1815 2043 a
1850 1983 2308 2061 magistratibus,
2334 2001 2408 2041 ne
2433 1982 2572 2062 quis
2607 1983 2712 2042 bo·

805 2081 952 2139 mini
995 2080 1182 2140 Gallo
1208 2102 1414 2141 aurum
1441 2080 1540 2142 vel
1576 2088 1882 2159 argentum
1909 2079 2094 2138 daret.
2182 2077 2320 2137 Boii
2355 2078 2514 2137 enim
2552 2089 2710 2139 eete-

804 2177 970 2256 rique
1017 2177 1210 2249 Galli,
1256 2187 1381 2238 tum
1430 2198 1506 2237 ex
1556 2178 1807 2237 aliarum
1854 2195 2069 2245 rerum,
2110 2184 2235 2234 tum
2280 2175 2712 2255 mancipiorum

800 2274 1142 2335 ‚venditione
1194 2275 1489 2353 ingentem
1537 2274 1849 2356 pecuniam
1897 2273 2225 2351 cogebant:
2279 2272 2710 2353 incesseratque

800 2372 1081 2452 suspicio,
1108 2393 1182 2431 ne
1218 2372 1330 2432 ista
1366 2371 1443 2431 ad
1473 2370 1696 2432 bellum
1729 2369 2067 2432 Romanum
2096 2377 2416 2429 uterentur.
2503 2370 2709 2437 Quare

801 2470 989 2546 magis
1026 2470 1208 2528 etiam
1246 2469 1498 2538 incitati,
1526 2469 1763 2547 cognito
1802 2467 2143 2528 consulibus
2176 2465 2544 2544 Ligusticum
2583 2467 2708 2526 bel-

804 2562 927 2624 lum
952 2586 1077 2625 esse
1102 2564 1427 2637 decretum,
1455 2564 1708 2626 occultis
1726 2564 1989 2626 consiliis
2007 2564 2119 2623 boc
2140 2582 2311 2641 agere
2330 2562 2707 2634 dicebantur,

510 2674 683 2742 Polyb.
712 2694 773 2731 n.
803 2670 869 2720 ut
906 2661 1265 2723 exercitibus
1305 2660 1600 2722 Romanis
1637 2660 2018 2743 expeditione
2064 2658 2390 2739 longinqua
2429 2658 2706 2729 detentis,

475 2742 643 2856 ὲίἷω.
799 2758 910 2838 ipsi
952 2760 1155 2820 urbem
1200 2759 1674 2838 aggrederentur.
1771 2757 2053 2817 Ceterum
2096 2755 2350 2816 adventu
2395 2757 2704 2818 consulum

798 2856 1007 2925 territi,
1052 2876 1189 2915 cum
1233 2855 1308 2915 ad
1351 2857 1471 2916 vim
1515 2853 1850 2916 faciendam
1894 2854 2167 2934 imparati
2215 2862 2428 2924 essent,
2473 2853 2703 2918 Roma-

798 2969 904 3009 nos
938 2952 1000 3010 in
1043 2952 1209 3031 pacis
1233 2952 1630 3031 amicitiaeque
1655 2953 1913 3033 speciem
1953 2950 2244 3010 simulatis
2269 2950 2575 3030 obsequiis
2599 2971 2703 3010 ex·-

795 3066 1025 3126 cepere.
1121 3047 1413 3108 Consules
1453 3069 1712 3130 quoque,
1755 3048 1980 3108 bellum
2019 3047 2370 3127 oppressisse
2412 3050 2702 3119 contenti,

794 3162 1035 3202 causam
1058 3165 1165 3204 cur
1189 3165 1261 3203 eo
1288 3147 1583 3210 venissent
1616 3145 1864 3215 finxere,
1893 3154 1910 3181 ‘
1937 3154 2003 3205 ut
2027 3165 2132 3225 per
2157 3142 2469 3203 Gallicum
2494 3164 2702 3222 agrum

793 3241 1157 3301 commodius
1190 3244 1517 3303 exercitum
1554 3244 1614 3304 in
1643 3242 1946 3321 Liguriam
1972 3241 2295 3302 ducerent!
2381 3240 2704 3323 Superiore

794 3355 951 3397 anuo
974 3359 1244 3398 censores
1266 3341 1414 3399 vitio
1437 3339 1582 3401 facti
1612 3339 2070 3400 abdicaverant:
2116 3340 2315 3418 itaque
2343 3337 2436 3397 his
2459 3338 2701 3400 demum

465 3451 770 3518 Γωῑοιρίι,
792 3435 1130 3495 consulibus
1156 3435 1240 3501 Q.
1272 3435 1493 3496 Fabius
1516 3437 1600 3503 Q.
1632 3436 1701 3496 F.
1733 3437 1817 3503 Q.
1847 3434 1936 3495 N.
1969 3435 2274 3495 Maximus
2309 3433 2698 3508 Verrucosus,

795 3529 888 3590 M.
919 3530 1302 3613 Sempronius
1330 3532 1405 3592 O.
1436 3533 1505 3592 F.
1537 3534 1630 3592 M.
1663 3532 1752 3593 N.
1778 3532 2133 3603 Tuditanus,
2161 3531 2406 3591 lustrum
2441 3534 2699 3612 primum

789 3637 851 3688 et
875 3627 1385 3708 quadragesimum
1409 3628 1746 3689 condidere.

867 3730 967 3784 24.
1014 3724 1176 3785 Dum
1220 3727 1348 3786 baec
1391 3727 1449 3785 in
1499 3724 1688 3785 Italia
1731 3735 1794 3785 et
1837 3726 1983 3785 urbe
2030 3734 2331 3803 geruntur,
2374 3726 2516 3784 novi
2557 3746 2695 3786 cum

498 3832 674 3898 Polyb.
703 3849 764 3888 ιι.
789 3819 1020 3901 Illyriis
1071 3822 1217 3881 belli
1270 3841 1463 3881 causae
1516 3822 1739 3881 talibus
1787 3823 1970 3881 initiis
2015 3822 2358 3881 extiterunt.
2467 3820 2692 3902 Illyrii,

786 3916 954 3977 ferox
979 3928 1042 3978 et
1066 3917 1307 3977 avidum
1334 3918 1551 3999 praedae
1576 3938 1779 3996 genus,
1810 3919 2121 3999 piraticam
2147 3915 2447 3988 faciendo,
2476 3904 2693 3980 multos

499 3993 597 4042 ⁰³⁰
651 4011 729 4059 ¹¹1³·
794 4012 1139 4075 Italicorum
1180 4015 1632 4093 negotiatorum,
1666 4015 2028 4075 Brundisino
2067 4023 2239 4095 portu
2278 4034 2563 4092 egressos,
2589 4035 2690 4075 ce-

459 4057 765 4189 {night-Ima.
790 4121 1030 4190 perant:
1078 4110 1390 4172 nonnullos
1414 4131 1650 4191 quoque
1677 4111 2135 4173 trucidaverant.
2221 4111 2306 4171 Et
2336 4112 2532 4190 primo
2556 4113 2685 4191 qui·

1228 4263 1261 4306 s
1288 4263 1353 4316 A.
1379 4265 1442 4314 U.
1469 4265 1531 4315 C.
1548 4269 1665 4316 ⁵22.
1701 4264 1766 4315 A.
1790 4266 1850 4316 C.
1874 4268 1988 4315 2³0.
