3025 4892
515 349 688 416 1810
1467 362 1538 413 τ.
1586 358 1779 412 mvn

515 531 757 578 norum
806 510 1019 595 gratia
1065 508 1195 582 fnit
1243 508 1312 574 in
1372 528 1444 575 re
1490 510 1669 595 pari,
1721 526 1926 594 quam
1978 513 2233 594 quanta
2278 505 2504 574 sutura
2548 504 2715 575 Gar-

519 614 1029 699 thaginiensium
1068 613 1300 679 fuerat.
1389 612 1560 679 Illos
1606 614 1809 692 enim,
1848 630 2087 696 graves
2126 611 2599 698 superbosque
2641 612 2711 676 in

513 721 714 784 rebus
744 717 1060 783 secundis
1089 724 1436 801 expertos,
1483 716 1754 781 fortuna
1783 722 1856 781 et
1884 715 2079 781 timor
2122 715 2468 799 mitigasse
2500 714 2713 780 videri

513 827 805 906 poterat.
915 817 1267 885 Romanus
1317 819 1531 902 primo
1585 818 1893 899 adventu,
1952 819 2335 901 incognitus
2385 823 2566 897 ante,
2624 819 2713 883 ab

510 909 584 989 re
643 924 959 991 clementi
1016 922 1411 1007 liberalique
1465 922 1722 988 initium
1772 920 2075 988 fecerat:
2141 927 2208 985 et
2264 919 2565 1000 Abelux,
2614 922 2716 986 vir

512 1021 821 1111 prudens,
864 1025 1041 1093 haud
1083 1022 1336 1090 frustra
1383 1024 1733 1091 videbatur
1772 1025 2000 1091 socios
2056 1031 2372 1090 mutasse.
2469 1024 2715 1109 Itaque

512 1131 763 1214 ingenti
817 1148 1151 1196 consensu
1203 1127 1648 1192 defectionem
1676 1125 1728 1166 ¹⁸
1790 1146 2024 1192 omnes
2084 1132 2438 1210 spectaret
2494 1144 2711 1191 arma-

514 1252 645 1318 que
702 1232 1042 1319 extemplo
1105 1239 1294 1297 mota
1358 1230 1595 1310 forent,
1664 1231 1734 1295 ni
1799 1230 2057 1316 hyeme,
2134 1248 2290 1315 qnae
2358 1229 2710 1296 Romanos

511 1356 778 1421 qnoque
825 1343 892 1402 et
934 1333 1509 1418 Carthaginienses
1559 1333 1921 1401 concedere
1968 1336 2038 1401 in
2090 1341 2275 1400 tecta
2316 1331 2567 1418 coegit,
2612 1334 2714 1399 in·

512 1440 932 1505 tervenisset.

594 1540 701 1608 23.
750 1540 933 1607 Haec
979 1541 1050 1606 in
1102 1540 1448 1625 Hispania
1498 1559 1776 1627 qnoque
1826 1539 2131 1607 secunda
2181 1546 2425 1606 aestate
2465 1540 2711 1607 Punici

511 1644 672 1709 belli
728 1650 943 1727 gesta,
1005 1662 1156 1709 cum
1215 1643 1283 1708 in
1342 1642 1551 1709 Italia
1597 1644 1870 1729 paulum
1896 1652 1950 1697 ¹⁹
2007 1643 2340 1709 intervalli
2394 1643 2709 1710 cladibus

511 1745 851 1812 Romanis
880 1746 1092 1811 solers
1121 1746 1452 1812 cunctatio
1484 1745 1688 1813 Fabii
1713 1745 2003 1812 fecisset.
2095 1745 2274 1826 Quae
2322 1753 2406 1811 nt
2449 1745 2710 1814 Hanni·

508 1850 731 1916 halem
761 1869 892 1915 non
920 1848 1241 1915 mediocri
1286 1849 1630 1918 solicitum
1677 1869 1837 1917 cura
1874 1849 2199 1930 habebat,
2252 1848 2526 1915 tandem
2557 1869 2709 1915 eum

471 2007 486 2015 s
510 1953 766 2020 militiae
794 1953 1186 2037 magistrum
1214 1951 1568 2037 delegisse,
1580 1951 1931 2020 Romanos
1971 1958 2376 2031 cernentem,
2417 1952 2533 2036 qui
2566 1950 2707 2018 bel-

508 2057 650 2123 lum
679 2058 947 2135 ratione,
992 2076 1119 2121 non
1158 2056 1449 2138 fortuna,
1481 2066 1797 2140 -gereret3
1843 2057 1943 2124 ita
1970 2062 2313 2123 contemta
2355 2062 2499 2121 erat
2536 2056 2706 2121 inter

508 2160 719 2239 cives,
767 2168 1062 2226 armatos
1102 2160 1351 2244 pariter
1394 2167 1829 2248 togatosque3
1872 2163 2108 2246 utique
2152 2165 2540 2247 postquam,
2589 2160 2704 2224 ab·

508 2271 692 2328 sente
720 2282 822 2342 eo,
851 2263 1222 2336 temeritate
1250 2262 1544 2349 magistri
1572 2265 1893 2351 equitum,
1917 2265 2076 2331 laeto
2101 2261 2706 2342 verius·dixerim,²⁰

507 2385 710 2450 quam
763 2385 1088 2452 prospero
1146 2372 1448 2446 eventu:
1503 2374 1872 2453 pugnatum
1922 2367 2162 2433 suerat.
2252 2362 2705 2431 Accesserant

507 2469 664 2535 dnae
711 2489 818 2534 res
857 2467 946 2535 ad
996 2468 1371 2553 augendam
1415 2468 1734 2537 invidiam
1765 2471 2153 2537 dictatoris:
2200 2487 2336 2534 una
2362 2467 2597 2534 fraude
2623 2487 2705 2533 ac

504 2570 665 2638 dolo
709 2570 1134 2652 HannibaIiS,
1184 2569 1391 2656 quod,
1435 2591 1593 2639 cum
1622 2592 1667 2639 a
1693 2573 1990 2659 perfugis
2017 2573 2082 2640 ei
2110 2578 2521 2639 monstratus
2550 2590 2705 2655 ager

504 2672 854 2740 dictatoris
904 2680 1111 2752 esset,
1158 2674 1475 2741 omnibus
1524 2675 1706 2742 circa
1750 2676 1903 2742 solo
1943 2677 2262 2760 aequatis,
2313 2675 2401 2740 ab
2446 2694 2578 2741 uno
2622 2693 2702 2740 eo

503 2774 744 2842 fertum
776 2777 1124 2863 ignemque
1151 2784 1220 2843 et
1248 2778 1382 2844 vim
1412 2798 1675 2845 omnem
1703 2779 1992 2844 hostium
2038 2780 2359 2845 abstineri
2376 2779 2605 2865 jussit,
2632 2783 2702 2843 ut

502 2880 754 2956 occulti
778 2880 1066 2968 alicujus
1096 2882 1277 2966 pacti
1308 2901 1390 2947 ea
1417 2900 1674 2948 merces
1696 2881 1912 2949 videri
1942 2891 2216 2967 posset:
2248 2881 2461 2947 altera
2489 2880 2700 2965 ipsius

500 2979 710 3061 facto,
759 2984 973 3067 primo
1003 2984 1281 3052 forsitan
1321 2983 1557 3064 dubio,
1597 2986 1759 3072 quia
1785 3005 1919 3051 non
1946 2991 2308 3071 expectata
2353 2986 2426 3050 in
2473 3004 2560 3053 eo
2601 3003 2698 3050 se-

1421 3168 1784 3191 OOOOmmOO

500 3301 590 3352 quo
623 3297 698 3364 sq.
722 3291 841 3335 acta
863 3282 1074 3349 fuerint,
1092 3285 1138 3336 si
1165 3285 1226 3338 G.
1251 3300 1301 3337 n.
1321 3301 1401 3338 res
1419 3285 1525 3353 (ita
1547 3301 1679 3338 nnus
1699 3285 1834 3354 Mo.)
1855 3286 2113 3351 agnem!
2145 3287 2504 3354 Rapsa—is
2535 3287 2696 3340 Alsa

504 3351 922 3468 &gamm
960 3414 1094 3466 Edd.
1118 3424 1242 3467 ante
1279 3415 1579 3470 nuh-2⁰
1612 3416 1752 3468 Olim
1783 3418 2077 3484 legebatur,
2098 3419 2215 3469 loeeo
2232 3425 2286 3468 u
2307 3419 2468 3470 ter-in
2484 3419 2692 3471 dian-bu.

1496 3547 1715 3600 NOTAE

498 3677 602 3727 qua
639 3675 757 3712 cum
802 3662 1024 3712 Bostare
1064 3668 1413 3713 conveneram
1465 3661 1559 3712 sed
1644 3662 2428 3729 prosperamg'fortnnaminflexi
2452 3664 2689 3716 restituis-

498 3740 690 3791 redditi
710 3740 915 3791 nomine
931 3740 1301 3804 Romanorum,
1316 3754 1416 3791 non
1433 3741 1563 3791 Car-
1642 3754 1698 3792 es
1720 3740 1961 3792 obsides:
1987 3756 2204 3807 quorum
2222 3750 2497 3809 utrumqne
2512 3741 2563 3792 in
2578 3742 2688 3792 Pe·

497 3819 925 3883 thaginiensinm:
962 3818 1037 3867 ita
1067 3824 1129 3867 nt
1158 3817 1323 3882 major
1358 3816 1561 3867 illorum
1640 3833 1735 3870 nos
1757 3818 2001 3870 cadebat.

496 3895 635 3961 apud
657 3895 920 3960 Hispanos
938 3895 1110 3959 gratia
1131 3910 1198 3945 ex
1215 3895 1396 3947 eodem
1414 3895 1561 3947 facto
1705 3903 1729 3932 ⁸
1752 3896 1891 3947 Leto
1913 3897 2074 3946 verius
2091 3895 2317 3959 dixerim,
2335 3912 2473 3960 qum
2485 3910 2689 3962 prospero

492 3974 844 4041 fuerit,quam
866 3976 1044 4025 borum
1064 3974 1280 4026 fnisset:
1318 3977 1559 4042 quiaRo-
1640 3973 1840 4038 wenta]
1895 3974 2071 4025 Minus
2118 3981 2200 4023 est
2237 3976 2360 4025 laeto
2392 3989 2541 4040 qnam
2579 3988 2687 4040 pro·

497 4053 631 4103 mani
656 4066 752 4101 nee
784 4050 1024 4102 secundi·
1048 4051 1202 4102 rebus
1227 4054 1473 4104 molestos
1501 4068 1559 4105 se
1640 4067 1798 4118 spero
1838 4058 2032 4102 eventu
2077 4065 2324 4116 pugnare.
2392 4051 2513 4103 Hoc
2559 4050 2683 4101 eni-

493 4138 653 4195 atque
677 4137 982 4194 arrogantes
1010 4129 1345 4195 praebuerant
1368 4131 1558 4197 Hispa·
1640 4131 1847 4197 plenam
1891 4128 2163 4180 victoriam
2221 4127 2516 4194 significat}
2567 4128 2683 4178 illud

491 4209 592 4270 nis,
624 4207 767 4272 (cum
807 4205 1029 4257 nondum
1066 4208 1141 4259 ets
1171 4207 1559 4274 superassem)
1641 4220 1764 4258 vero
1777 4205 1957 4257 leviori
1975 4205 2466 4269 prenominamus·
2481 4206 2685 4266 bostem,

493 4297 592 4335 nec
626 4282 792 4336 videri
828 4289 1075 4350 poterant
1110 4292 1257 4337 metu
1290 4287 1358 4338 ob
1390 4286 1556 4338 minus
1637 4299 1740 4337 non
1762 4281 1933 4335 sunum
1950 4280 2309 4349 fugatumque.

2960 795 2966 856 Η

2960 865 2966 924 ἶ
