3025 4892
886 392 1253 442 nmsrom
1310 390 1936 440 Nuscurs‘roam.
2340 372 2514 438 1397

316 553 441 605 tam
496 543 763 622 benignae
817 542 985 613 lucis,
1030 542 1132 602 sed
1177 543 1354 602 etiam
1394 543 1725 603 constantia
1756 542 1954 620 jubet.
2039 538 2188 601 Non
2229 541 2385 602 enim
2428 542 2513 602 illi

315 651 600 721 tanquam
644 640 861 721 lychno
900 648 1004 699 aut
1043 639 1255 699 faculae
1298 637 1582 699 ascititius
1623 638 1815 718 fulgor
1855 648 1965 709 est,
1995 659 2113 718 quo
2153 637 2513 716 deflagrante

316 736 528 796 foedius
569 744 872 817 appareat,
908 735 1188 816 quicquid
1230 734 1495 795 relictum
1539 744 1660 804 est;
1720 735 1826 794 sed
1869 735 1950 794 ad
2005 733 2164 795 Solis
2213 735 2542 816 exemplar,

316 854 498 915 purus
536 842 599 892 et
636 834 921 914 proprius,
949 833 1050 914 qui
1092 852 1281 911 neque
1321 841 1693 892 consumatur
1732 843 2015 913 tempore,
2044 852 2233 912 neque
2274 852 2514 892 casuum

317 930 533 1007 injuria
580 936 913 990 evanescat.
996 928 1195 996 Quem
1234 949 1346 1006 ego
1396 937 1619 988 certum
1662 929 1852 989 habeo
1893 918 2148 1009 jamjam
2191 928 2518 1008 longisffime

318 1026 647 1107 quibusque
698 1027 913 1089 dimus
977 1026 1334 1086 notissimum
1400 1025 1547 1095 fore,
1602 1046 1916 1107 omnesque
1984 1026 2118 1087 illas
2181 1046 2316 1106 quae
2369 1027 2520 1087 visui

319 1141 521 1181 eorum
563 1120 825 1182 officiunt
862 1121 1105 1182 nebulas
1136 1121 1220 1181 ita
1259 1121 1671 1192 discussurum,
1707 1130 1773 1181 ut
1813 1123 2100 1182 neminem
2134 1124 2382 1203 reperire
2415 1132 2521 1182 aut

322 1228 445 1277 tam
472 1238 694 1278 caecum
719 1221 924 1299 possis,
951 1219 1053 1299 qui
1087 1218 1277 1279 lucem
1310 1218 1472 1278 illam
1504 1219 1704 1279 videre
1736 1229 2012 1299 nequeat,
2041 1230 2145 1280 aut
2174 1230 2296 1280 tam
2329 1220 2519 1300 impu-

322 1315 529 1375 denter
553 1316 995 1375 exiatimationis
1017 1336 1137 1376 suae
1166 1315 1494 1397 prodigum,
1524 1309 1624 1396 qui
1658 1316 1855 1377 videre
1887 1337 1952 1375 se
1977 1326 2169 1395 neget.
2242 1318 2520 1377 Ceterum

323 1434 459 1492 ego,
490 1412 629 1472 licet
650 1433 789 1472 sane
816 1413 1123 1472 molestum
1154 1421 1245 1473 est
1274 1433 1313 1472 a
1341 1412 1694 1491 cogitatione
1726 1422 1846 1472 tam
1876 1411 2122 1493 pulchra
2138 1413 2520 1493 jucundaque

327 1510 586 1569 animum
638 1509 952 1582 abducere,
1002 1520 1198 1571 tamen
1267 1511 1546 1570 virtutum
1613 1510 1849 1570 istarum
1916 1510 2522 1570 commemorationem

318 1607 497 1685 justis
544 1606 957 1679 voluminibus,
1008 1608 1240 1668 saeculis
1287 1608 1672 1687 gentibusque
1724 1607 2005 1678 debitam,
2051 1607 2226 1685 hujus
2279 1607 2522 1675 chartae·,

327 1705 624 1783 temporis,
653 1704 926 1783 ingenioli
952 1706 1159 1786 spatiis
1180 1705 1394 1785 iniquis
1420 1712 1687 1765 coercere
1713 1705 1936 1765 desino.
2007 1703 2100 1765 At
2126 1703 2184 1762 in
2215 1703 2359 1762 Tuis
2384 1722 2525 1781 erga

328 1820 422 1859 me
462 1800 762 1860 beneficiis
801 1802 1340 1873 commemorandis,
1368 1800 1607 1883 quando
1637 1823 1826 1883 neque
1857 1813 1979 1863 tam
2011 1810 2152 1861 nota
2181 1809 2316 1860 sunt
2339 1800 2523 1860 omni-

329 1896 462 1966 bus,
504 1907 570 1957 et
610 1897 686 1957 ad
727 1919 935 1958 causas
956 1899 1150 1979 hujus
1190 1900 1575 1961 dedicationis
1615 1902 1850 1982 propius
1891 1900 2200 1980 pertinent,
2244 1908 2527 1979 praeterea

329 1993 608 2053 virtutum
631 1995 892 2055 Tuarum
932 2017 1047 2057 non
1089 1997 1330 2076 indigna
1353 1998 1500 2058 scitu
1543 2007 1919 2058 monumenta
1958 2004 2113 2066 sunt,
2143 1994 2378 2055 audebo
2403 2014 2527 2054 esse

330 2089 630 2169 prolixior.
675 2091 795 2151 Sed
822 2093 981 2173 prius
1009 2093 1145 2154 DEI
1179 2096 1359 2156 nostri
1374 2095 1827 2177 depraedicanda
1854 2095 1996 2154 mihi
2025 2092 2390 2174 providentia
2415 2100 2526 2161 est,

332 2206 509 2265 quam
537 2188 596 2246 in
623 2190 783 2248 omni
808 2191 927 2250 isto
947 2193 1180 2270 negotio
1208 2195 1714 2274 praesentissimam
1732 2212 1959 2273 semper
1974 2190 2526 2251 manifestissimam·-

332 2304 446 2363 que
471 2287 743 2364 cognovi.
829 2287 985 2351 Cum
1027 2291 1182 2349 enim
1225 2311 1302 2350 ex
1346 2311 1420 2350 ea
1461 2291 1697 2352 vivendi
1729 2290 2002 2361 formula,
2029 2308 2206 2369 quam
2237 2297 2430 2346 certas
2450 2287 2529 2345 ob

332 2381 585 2441 rationes
609 2385 776 2464 aequi
802 2387 1235 2459 constitueram,
1255 2409 1358 2469 per
1383 2388 1613 2468 aliquot
1626 2409 1808 2448 annos
1834 2389 1891 2446 in
1910 2385 2232 2446 Germania
2245 2384 2528 2453 sederem,

333 2478 421 2536 uti
461 2477 683 2540 nullius
720 2481 1042 2543 functionis·
1074 2493 1380 2565 appetens,
1409 2486 1493 2544 ita
1534 2493 1904 2565 suscepturus
1933 2481 2277 2561 quamlibet,
2305 2481 2355 2538 si
2387 2479 2531 2557 legi-

334 2574 475 2633 time
503 2575 709 2637 oblata
738 2577 973 2648 fuisset3
1018 2589 1143 2642 toto
1183 2581 1290 2641 illo
1333 2591 1592 2663 tempore
1625 2601 1795 2641 nemo
1826 2580 2155 2639 libertatem
2186 2594 2378 2636 meam
2411 2575 2533 2634 ullo

332 2671 663 2732 vocationis
701 2693 857 2734 nexu
899 2678 1233 2758 occupavit.
1318 2678 1460 2756 Ego
1488 2678 1718 2737 interim
1754 2677 1936 2736 otium
1980 2674 2126 2734 illud
2151 2694 2265 2733 non
2291 2670 2534 2751 segnitie

335 2768 607 2838 contrivi,
649 2768 753 2828 sed
794 2770 910 2831 illis
948 2782 1252 2853 operatum
1295 2775 1474 2835 habui
1517 2774 1743 2846 studiis,
1782 2774 1994 2854 quibus
2034 2791 2128 2832 me
2179 2771 2258 2831 ab
2301 2771 2533 2830 ineunte

336 2872 521 2923 etate
555 2862 730 2924 firiase
772 2865 1144 2941 destinatum,
1179 2891 1257 2930 ex
1299 2872 1377 2930 iis-
1409 2891 1546 2951 quae
1585 2883 1791 2952 postea
1830 2878 2168 2938 evenerunt,
2212 2867 2536 2927 evidentius

338 2958 625 3020 intellexi.
709 2962 1003 3026 Maturuit
1039 2967 1260 3028 interea
1291 2977 1542 3050 tempus,
1579 2990 1699 3050 quo
1738 2968 1871 3029 Tuo
1909 2967 2224 3027 ministerio
2254 2964 2534 3031 debebar,

342 3054 677 3129 Domum,
706 3061 978 3141 venitque
1014 3063 1476 3143 Argentoratum
1519 3067 1979 3127 Berraum-rus
2025 3067 2332 3131 Sur-rra,
2357 3081 2536 3142 quem

338 3149 431 3210 Tu
451 3153 655 3214 multis
691 3156 1013 3230 beneficiis,
1040 3169 1103 3219 et
1142 3170 1434 3241 postremo
1461 3160 1770 3223 Senatoria
1798 3162 2105 3241 dignitate,
2148 3179 2253 3239 per
2281 3158 2534 3238 justissi-

339 3267 501 3309 mum
540 3249 801 3311 favorem
845 3253 1154 3319 decorasti.
1238 3258 1334 3318 Sic
1375 3268 1641 3331 vocatus,
1683 3260 1742 3318 in
1785 3257 2179 3318 Academiam
2203 3255 2396 3314 Tuam
2438 3274 2536 3314 ac-

340 3347 521 3406 cessi:
566 3347 670 3406 ubi
700 3349 1071 3425 juventutem
1095 3352 1288 3413 Tuam
1329 3375 1464 3415 cum
1509 3355 1628 3416 fide
1670 3365 1732 3415 et
1757 3375 1898 3415 cura
1933 3355 2172 3424 docens,
2202 3370 2539 3433 quanquam

342 3440 605 3501 arderem
628 3443 718 3503 Te
740 3445 979 3506 videndi
1013 3448 1322 3523 desiderio,
1349 3451 1645 3512 dulcedini
1685 3451 1986 3512 felicitatis
2024 3447 2282 3511 nondum
2323 3448 2537 3508 debitae

344 3540 644 3617 praesentis
679 3545 932 3603 muneris
977 3547 1380 3609 necessitatem
1412 3549 1739 3630 anteposui.
1825 3549 1979 3608 Cum
2022 3548 2108 3606 ita
2146 3546 2378 3606 tertium
2405 3547 2539 3624 jam

344 3654 557 3695 annum
578 3636 841 3718 alloquio
865 3639 995 3701 Tuo
1019 3643 1352 3715 caruissem,
1368 3655 1640 3726 suscepta
1655 3666 1840 3726 nuper
1861 3643 2355 3704 administratione
2379 3640 2539 3718 regni

344 3729 478 3803 Tui,
506 3752 613 3811 per
636 3735 1001 3796 occasionem
1012 3739 1393 3818 exequiarum
1411 3741 1725 3802 Ubsaliam
1744 3742 1836 3802 Te
1857 3739 2171 3801 contulisti.
2242 3739 2448 3817 Atque
2463 3756 2538 3795 ex

344 3847 415 3887 eo
441 3838 703 3909 tempore
728 3831 951 3892 collata
973 3836 1203 3916 proprie
1225 3836 1284 3895 in
1328 3857 1421 3896 me
1443 3827 1754 3898 'beneficia
1794 3856 2098 3897 numerare
2134 3835 2347 3896 ordiar.
2434 3834 2541 3894 Su-

346 3943 580 4003 premus
644 3927 801 3989 enim
859 3929 1046 3990 honor
1106 3920 1430 3993 habebatur
1498 3934 1768 3995 Patrono
1834 3934 1977 3994 olim
2044 3952 2198 4001 meo,
2262 3929 2538 3989 JoANNl

350 4019 491 4081 SKY
501 4038 639 4083 ττι
666 4022 961 4097 Senatori,
986 4030 1157 4107 cujus
1180 4030 1428 4090 eximias
1454 4030 1660 4091 laudes
1682 4033 1966 4102 oratione,
1995 4049 2128 4111 quae
2153 4039 2285 4089 tum
2305 4047 2381 4086 ex
2407 4046 2540 4106 pro-

349 4115 611 4179 fessionis
636 4140 786 4180 meae
823 4122 1027 4185 debito
1053 4124 1326 4187 habenda
1348 4126 1483 4199 fuit,
1510 4127 1806 4188 celebrare
1832 4148 1959 4187 sum
1985 4135 2249 4188 conatus-
2333 4125 2541 4202 Atque

350 4212 477 4277 haec
517 4216 708 4301 prima
746 4216 861 4279 fuit
897 4221 1247 4295 orationum,
1290 4243 1438 4306 quas
1476 4233 1539 4285 te
1579 4224 1851 4285 audiente
1878 4223 2093 4285 habui:
2137 4242 2255 4305 quo
2282 4229 2541 4302 wmpore
