3025 4892
465 326 640 393 1504
1422 337 1491 384 'r-
1544 335 1733 384 mvn

489 486 706 563 appiam.
779 482 960 543 runt.⁴
1040 480 1344 563 Apollinis
1366 481 1547 540 etiam
1593 478 1856 561 locuples
1894 478 2049 540 aedes
2072 476 2207 547 fuit,
2234 475 2466 536 laminis
2490 475 2683 536 aureis

453 551 623 667 {ffyc’
670 565 720 614 P'
780 590 942 641 tecta
957 599 1093 640 cum
1129 578 1348 638 celebri
1372 576 1706 648 simulacro,
1732 576 1891 657 quod
1916 576 2119 646 excisa
2160 573 2518 651 Carthagine
2548 572 2681 633 Ro-

491 680 626 730 Plut.
674 680 727 728 iu
782 677 940 736 mani
966 684 1237 737 avectum
1247 677 1432 753 juxta
1458 673 1700 735 Circum
1728 674 2051 733 maximum
2075 670 2530 731 collocaverunt.
2573 669 2681 729 Ad

461 746 761 877 Ffflf'y'bf'lg:
787 771 1114 834 Herculem
1139 791 1279 833 vero
1319 770 1565 852 Tyrium
1606 770 1920 851 quotannis
1958 787 2174 846 magna
2214 787 2357 828 cura
2390 765 2684 826 delectam

456 880 696 952 gnt3114.
786 889 1019 940 navem,
1060 888 1194 929 cum
1239 867 1482 930 decimis
1530 886 1851 927 annuorum
1893 871 2302 946 proventuum,
2345 872 2449 922 aut
2490 872 2689 942 pasta-

467 941 763 1056 llssiodjtssz
787 986 914 1026 rum
939 965 1099 1026 bello
1132 966 1560 1034 manubiarum,
1597 964 1929 1023 mittebant.
2013 959 2121 1020 Ab
2148 959 2352 1020 iisdem
2375 956 2693 1032 conditori<

467 1085 629 1118 xvm.
649 1075 701 1122 6.
789 1063 900 1123 bus
920 1063 1060 1132 suis,
1083 1061 1264 1122 alium
1294 1062 1475 1121 etiam
1503 1060 1679 1120 ritum
1704 1055 2005 1120 horrenda}
2030 1056 2326 1135 religionis
2351 1056 2686 1126 hauserant,

461 1135 767 1250 Ῑξέῗῐὲῗζιίἒ
798 1167 864 1218 ut
891 1157 1168 1228 Saturno,
1197 1178 1373 1238 quem
1406 1146 1527 1238 'ipsi
1572 1155 1787 1217 Belum
1828 1163 2067 1224 vocant,
2101 1152 2416 1234 quotannis
2449 1151 2691 1213 viem

495 1265 622 1315 Plin.
793 1257 1048 1316 humana
1070 1254 1365 1315 facerent:
1406 1256 1579 1334 cujus
1606 1252 1984 1314 immanitatis
2009 1250 2277 1330 reliquiae
2300 1270 2375 1309 ne
2397 1268 2533 1310 cum
2562 1248 2693 1329 ipsa

464 1335 770 1442 Ἠὲζζζὴξω.
793 1352 1030 1432 quidem
1059 1352 1200 1411 urbe
1228 1350 1358 1411 tolli
1386 1351 1620 1432 penitus
1645 1349 1985 1430 abolerique
2009 1355 2340 1429 potuerunt.

463 1459 511 1505 tn
536 1458 675 1508 Cart.
693 1475 767 1508 ιν.
871 1454 932 1508 6.
976 1446 1221 1509 Ceteros
1258 1448 1515 1510 civitatis
1576 1467 1766 1507 mores
1820 1446 2164 1528 plerumque
2213 1442 2693 1505 commerciorum

464 1527 514 1574 ³·
536 1527 617 1574 ²⁸·
719 1541 722 1544 ’
794 1543 1017 1605 utilitas
1052 1545 1497 1606 moderabatur:
1537 1545 1753 1624 quibus
1793 1563 1935 1623 gens
1967 1552 2178 1604 natura
2201 1550 2263 1602 et
2287 1542 2573 1620 majorum
2602 1541 2693 1606 in-‚

791 1641 993 1702 stituto
1013 1640 1397 1713 deditissima,
1425 1641 1679 1723 prudens
1701 1639 2036 1723 imprudens
2057 1658 2261 1702 omnes
2284 1657 2421 1698 suas
2440 1637 2696 1698 rationes

502 1739 703 1819 Aristot.
791 1737 1153 1819 consiliaque
1178 1737 1685 1799 accommodabat.
1770 1736 1964 1808 Hinc,
1986 1735 2314 1797 inevitabili
2339 1733 2519 1805 malo,
2539 1733 2693 1794 divi-

469 1805 742 1861 P⁰¹¹t·¹¹·¹¹
756 1842 771 1858 ⁹
795 1834 1006 1894 tiarum
1031 1833 1338 1895 admiratio
1361 1836 1662 1915 honosque
1688 1835 1928 1896 comitia
1941 1832 2202 1914 corrupit
2214 1831 2691 1912 magistratuum:

502 1971 611 2021 Cic.
641 1972 692 2021 in
797 1930 1068 1991 virtutem
1119 1932 1385 2012 pecunia:
1432 1932 1764 2012 subJectam
1809 1929 2146 1991 debilitavit
2181 1947 2197 1988 :
2265 1926 2548 2008 populum
2600 1927 2690 1986 in-

468 2035 604 2089 Ruu.
620 2041 775 2089 uas.
798 2024 1122 2089 flammavit
1145 2048 1323 2109 opum
1348 2028 1696 2109 cupiditate,
1737 2026 2123 2107 fraudumque
2163 2034 2228 2086 et
2264 2022 2696 2096 mendaciorum

797 2123 991 2183 servili
1024 2125 1440 2188 consuetudine
1484 2123 1724 2184 infecit:
1770 2143 2005 2202 remque
2039 2121 2339 2204 publicam
2358 2121 2581 2190 ,barum
2607 2140 2697 2180 re-

799 2242 925 2282 rum
946 2242 1009 2290 se
1033 2219 1227 2282 studio
1251 2230 1437 2283 totam
1461 2221 1689 2281 tradere
1712 2220 2014 2301 compulit.
2099 2218 2251 2279 Inde
2276 2218 2434 2278 enim
2458 2237 2697 2298 proces·

506 2335 681 2400 Polyb.
704 2349 776 2386 vx.
799 2316 898 2387 sit,
928 2326 995 2377 ut
1019 2337 1208 2398 neque
1234 2317 1374 2379 fidei
1403 2319 1650 2379 multum
1677 2320 1737 2378 in
1765 2316 2013 2378 Punicis
2037 2315 2372 2386 foederibus‚
2399 2323 2462 2374 et
2485 2315 2698 2375 virium

480 2402 563 2449 ⁵⁰·
801 2413 1165 2495 publicarum
1193 2415 1363 2494 longe
1407 2417 1670 2478 maxima
1699 2435 1833 2496 pars
1858 2415 1918 2476 in
1943 2414 2227 2475 classibus
2250 2422 2440 2482 esset:
2486 2411 2696 2494 pedes-

803 2512 906 2571 tris
925 2511 1160 2583 militia,
1190 2514 1365 2573 robur
1389 2525 1569 2594 atque
1611 2512 2040 2574 firmamentum
2078 2511 2269 2572 omnis
2293 2509 2541 2591 imperii,
2569 2507 2700 2569 nul·

806 2607 889 2679 lo,
911 2611 1195 2689 equestris
1221 2609 1452 2670 modico
1492 2610 1552 2669 in
1594 2610 1810 2670 honore
1844 2628 2097 2690 usuque:
2139 2607 2369 2689 quoties
2393 2616 2547 2666 terra
2570 2605 2700 2665 bel-

804 2704 1067 2777 landum,
1097 2707 1465 2767 mercenariis
1487 2706 1676 2787 copiis
1714 2726 1806 2766 res
1846 2715 2177 2784 gereretur:
2220 2724 2467 2785 quarum
2509 2723 2700 2784 neque

481 2815 784 2880 Polyme-n
804 2804 1020 2866 caritas
1045 2802 1170 2863 ulla
1190 2805 1249 2863 in
1278 2803 1722 2885 rempublicam,
1750 2812 1814 2863 et
1852 2801 2001 2864 fides
2039 2802 2286 2873 venalia,
2312 2811 2377 2862 et
2407 2800 2702 2862 discordia

809 2899 1078 2970 molesta,
1125 2908 1187 2959 et
1224 2900 1584 2980 conspiratio
1613 2900 1887 2960 terribilis
1924 2909 2110 2960 esset:
2154 2899 2303 2960 adeo
2342 2898 2587 2979 capitali
2610 2919 2699 2959 er-

479 3011 652 3078 Polyb.
668 3015 790 3064 aas.
811 3014 960 3076 rore,
1015 3004 1081 3055 ut
1120 3015 1234 3056 non
1281 2996 1434 3056 alius
1473 2997 1674 3068 bostis,
1729 3005 1868 3059 aute
1905 2996 2173 3058 ultimum
2216 2995 2534 3066 excidium,
2579 3016 2702 3056 rem

477 3076 789 3192 ἰῗοὲὲξιῗ·
816 3090 1110 3152 Punicam
1134 3101 1258 3155 tam
1284 3114 1463 3175 prope
1496 3093 1575 3154 ad
1599 3104 1922 3156 extremam
1946 3094 2410 3176 desperationem
2436 3092 2702 3154 adduxe-

480 3205 793 3259 nvaxxm.
815 3189 909 3249 rit·
993 3188 1213 3270 Neque
1239 3192 1426 3252 minor
1448 3213 1527 3252 ex
1552 3213 1624 3253 eo
1647 3192 1933 3253 malorum
1954 3212 2139 3272 seges,
2175 3191 2337 3272 quod
2361 3191 2467 3272 qui
2492 3191 2551 3250 in
2576 3209 2705 3251 ma·

481 3274 566 3322 ⁴⁰·
813 3286 1150 3365 gista-atibus
1170 3297 1233 3348 et
1273 3289 1333 3349 in
1373 3289 1769 3352 curationibus
1788 3299 1976 3361 erant,
2003 3297 2209 3358 mutua
2241 3286 2704 3350 dissimulatione

814 3383 1147 3464 peculatum
1175 3385 1410 3466 impune
1453 3388 1841 3447 exercebant:
1884 3396 1953 3447 ut
1974 3387 2060 3449 sic
2083 3406 2318 3467 quoque
2362 3385 2555 3445 minus
2597 3385 2703 3444 mi·

813 3478 1060 3540 randum
1105 3500 1231 3541 esse
1263 3482 1555 3555 videatur,
1596 3481 1646 3543 si
1688 3482 1849 3544 bello
1874 3483 2023 3544 inter
2056 3483 2164 3544 bas
2204 3483 2476 3545 civitates
2498 3490 2708 3542 exorto

812 3578 1137 3657 superiores
1164 3576 1427 3639 Romani
1455 3578 1707 3650 fuerunt,
1753 3599 2000 3659 quorum
2042 3588 2337 3642 senatores
2372 3576 2534 3638 duris
2558 3587 2704 3639 tem-

508 3687 616 3738 Liv.
635 3703 786 3740 xxv1.
812 3673 1050 3753 poribus
1099 3694 1265 3736 suam
1316 3676 1627 3756 pecuniam
1674 3676 1732 3736 in
1783 3675 2083 3756 publicum
2123 3676 2529 3748 conserebant,
2571 3696 2709 3737 cum

489 3757 571 3803 ⁸⁶·
814 3767 1326 3850 Carthaginienses
1348 3771 1770 3853 rempublicam
1794 3771 2080 3833 baberent
2095 3773 2365 3854 quaestui.

893 3872 955 3929 7.
998 3866 1118 3927 Sed
1158 3868 1283 3928 haec
1315 3869 1462 3929 vitia
1499 3888 1635 3929 cum
1675 3869 1803 3951 ipsa
1840 3870 1982 3929 urbe
2023 3868 2428 3932 adoleverunt.
2502 3869 2707 3938 Quare

813 3961 1061 4042 primum
1105 3963 1367 4042 quidem,
1417 3973 1483 4024 ut
1519 3963 1749 4025 infirma
1786 3975 1848 4026 et
1888 3964 2144 4038 modica,
2173 3986 2286 4026 non
2314 3985 2467 4045 aegre
2492 3965 2709 4028 tolera-

1587 4109 1915 4140 oeeneeee'ee

815 4207 848 4256 4
869 4201 954 4256 lta
971 4204 1123 4258 Crev.
1147 4220 1212 4258 ex
1233 4206 1406 4261 Strab-
1428 4209 1518 4263 lib.
1541 4223 1657 4264 xvi.
1680 4226 1732 4279 p.
1755 4215 1870 4265 882.
1890 4211 2024 4265 Edd.
2044 4209 2272 4280 preced.
2293 4210 2346 4264 ιἰι
2363 4209 2467 4277 ὅρη
2486 4209 2605 4263 arbe
2618 4211 2708 4262 dr.
