3025 4892
2339 396 2513 464 1659

301 573 563 621 omnem
592 553 961 620 exercitum
989 553 1059 617 in
1091 574 1166 619 se
1196 554 1545 620 convertit.
1627 552 2086 622 Hamilcarem
2118 554 2438 640 juvenem
2460 565 2512 608 ¹⁷

299 658 626 724 redditum
672 658 803 722 sibi
847 666 1102 725 veteres
1142 657 1396 724 milites
1426 657 1732 739 credere;
1778 658 2055 724 eundem
2087 645 2387 744 vigorem
2434 664 2506 725 iu

299 761 511 840 vultu,
533 759 807 845 vimque
836 763 906 825 in
938 761 1177 840 oculiS,
1199 763 1496 830 habitum
1527 757 2218 846 oris'lineame'ntaque
2248 765 2508 829 intueri.

305 865 483 929 Dein
528 865 719 930 brevi
765 864 1008 943 effecit,
1041 877 1117 930 ut
1166 863 1434 950 pater¹⁸
1484 864 1552 929 in
1605 883 1678 928 se
1720 864 2069 929 minimum
2101 873 2510 932 momentum

298 967 384 1032 ad
414 969 713 1034 favorem
739 968 1239 1034 conciliandum
1261 972 1542 1062 essen&
1564 966 1936 1051 Nunquam
1962 969 2297 1052 ingenium
2331 970 2506 1034 idem

298 1071 387 1136 ad
419 1092 528 1136 res
558 1071 1067 1151 diversissimaS‚
1092 1073 1451 1157 parendum
1482 1071 1684 1156 atque
1708 1071 2191 1156 imperandum,
2212 1072 2510 1138 habilius

295 1174 447 1239 fuit.
535 1174 784 1259 Itaque
830 1174 1011 1240 haud
1060 1176 1257 1241 facile
1301 1174 1797 1251 discernereS,¹⁹
1845 1181 2068 1239 utrum
2095 1175 2506 1259 imperatori,

299 1295 388 1342 an
432 1277 786 1355 exercitui,
820 1277 1042 1343 cai-ior
1086 1286 1314 1343 esset:
1362 1295 1582 1361 neque
1631 1276 2024 1341 Hasdrubal
2072 1277 2274 1342 alium
2307 1298 2511 1363 quen-

295 1401 500 1465 quam
534 1380 872 1464 praeficere
903 1381 1157 1460 malle,r
1184 1383 1301 1446 ubi
1325 1380 1484 1466 quid
1508 1381 1761 1445 fortiter
1783 1401 1866 1446 ac
1889 1388 2152 1446 strenue
2183 1382 2509 1465 agendum

297 1490 519 1549 esset:
564 1503 781 1568 neque
827 1485 1072 1551 milites
1110 1487 1249 1551 alio
1283 1486 1454 1549 duce
1486 1484 1642 1571 plus
1673 1484 2062 1566 confidere,‘¹
2092 1490 2207 1551 aut
2236 1483 2509 1550 audere.

296 1586 673 1651 Plurimum
707 1588 1014 1654 audaciae
1043 1588 1129 1653 ad
1161 1589 1466 1673 pericula
1490 1588 1928 1670 capessenda,
1960 1588 2317 1673 plurimum
2349 1607 2512 1652 con-

298 1689 438 1753 silii
487 1688 664 1755 inter
710 1690 866 1775 ipsa
915 1692 1220 1777 pericula
1271 1697 1436 1756 erat.
1547 1690 1763 1756 Nullo
1816 1691 2045 1756 labore
2100 1699 2223 1756 aut
2266 1711 2511 1777 corpus

295 1792 590 1874 fatigari,
622 1802 743 1858 aut
787 1794 1049 1860 animus
1083 1796 1266 1860 vinci
1298 1801 1571 1879 poterat.
1662 1794 1924 1860 Caloris
1956 1815 2039 1861 ae
2082 1794 2348 1878 frigoris
2393 1813 2511 1879 pa-

298 1896 537 1959 tientia
563 1916 723 1980 par:
770 1899 905 1963 cibi
936 1901 1371 1982 potionisque
1402 1897 1737 1963 desiderio
1769 1899 2078 1977 naturali,
2109 1917 2245 1962 non
2275 1898 2513 1980 volup·

296 2003 463 2074 tate,
512 2000 750 2064 modus
799 2001 1071 2067 finitus.⁸
1175 2001 1579 2085 Vigiliarum
1627 2004 1979 2085 somnique
2029 2021 2152 2065 nec
2204 2002 2335 2077 die,
2388 2019 2511 2064 nec

296 2110 500 2167 noete
546 2102 1002 2169 discriminata
1046 2110 1364 2189 tempora.
1459 2103 1570 2182 Id,
1603 2104 1785 2187 quod
1829 2103 2131 2186 gerendis
2161 2105 2360 2168 rebus
2403 2122 2511 2166 su-

296 2212 625 2288 peresset,
657 2206 861 2288 quieti
901 2205 1174 2272 datum:
1222 2226 1308 2271 ea
1335 2226 1553 2289 neque
1585 2206 1770 2271 molli
1800 2213 2035 2284 strato,
2068 2225 2286 2291 neque
2311 2207 2515 2270 silen-

298 2307 397 2371 tio
447 2307 794 2372 arcessita.
884 2307 1091 2373 Multi
1138 2329 1325 2394 saepe
1368 2309 1644 2374 militari
1689 2309 1925 2392 sagulo
1966 2315 2291 2393 opertum,
2330 2309 2512 2373 humi

1053 409 1202 458 un.
1250 408 1429 459 xxi.
1475 407 1641 458 cat».
1685 395 1749 458 4.

360 2513 383 2539 ‘
416 2506 564 2555 Intra
586 2504 723 2556 breue
743 2511 927 2570 tempus
942 2509 1194 2559 conciliata
1211 2523 1296 2574 per
1315 2507 1520 2572 sciptum
1539 2509 1778 2560 exercitus
1791 2508 2129 2565 benevolentia,
2149 2512 2420 2557 conuentus
2439 2514 2512 2558 est

298 2575 348 2624 ti
372 2587 431 2621 eu
453 2571 508 2620 in
527 2586 579 2621 re
599 2587 764 2635 parum
785 2572 954 2622 deinde
976 2573 1166 2624 haberet
1185 2575 1406 2637 ponderi:
1423 2573 1648 2624 memoria
1666 2575 1840 2636 patris.

360 2634 390 2670 ⁴
427 2638 531 2686 Nec
546 2638 656 2699 plus
673 2636 969 2714 confidencioe
987 2639 1220 2689 habebant
1241 2640 1329 2688 sub
1346 2639 1442 2688 alio
1465 2642 1678 2688 ductore.

361 2709 383 2735 Φ
419 2702 542 2750 Cibo
560 2708 606 2753 e!
628 2707 764 2765 potua
781 2717 1046 2753 mensuram
1062 2705 1283 2770 ponebat,
1303 2719 1395 2753 non
1416 2718 1478 2753 ex
1494 2705 1716 2768 epulandi
1732 2705 1986 2767 voluptate,
2005 2704 2088 2753 sed
2108 2717 2169 2752 ex
2190 2704 2290 2753 coln
2311 2703 2509 2753 necessi-

299 2772 398 2816 tate
419 2766 749 2826 meidaciendi
768 2773 972 2820 nature.

1222 2876 1586 2904 ‘OM‘

365 2999 430 3045 17
474 2995 723 3046 Viventem
741 2996 877 3048 Edd.
899 3004 1020 3049 ante
1042 3000 1335 3052 Drak.--18
1358 2999 1375 3031 ‘
1399 3000 1544 3050 Patri
1567 2999 1768 3063 qnidam
1797 2999 1891 3063 pro
1921 3004 2075 3063 puter.
2143 2997 2405 3048 Neutrum
2429 3006 2514 3048 set

299 3061 527 3110 bonnm:
562 3063 658 3111 hoc
698 3072 866 3113 tannen
910 3065 1072 3129 magis
1116 3068 1304 3130 placet.
1368 3067 1473 3117 Sed
1509 3076 1598 3116 aut
1618 3067 1810 3125 faceret
1834 3079 1929 3130 pro
1963 3071 2080 3115 met
2117 3064 2356 3115 Latinum
2380 3072 2513 3124 erat,

299 3137 393 3177 aut
432 3127 620 3176 minimi
656 3129 914 3180 momenti-⁹
941 3131 1269 3183 Rauen—19
1301 3135 1316 3161 ‘
1344 3133 1573 3197 Rectius,
1612 3133 1815 3196 opinor,
1848 3147 1915 3182 ex
1954 3132 2159 3183 emend.
2194 3131 2425 3180 Gronov.
2456 3136 2516 3179 et

1306 3315 1522 3366 NOTAE

302 3404 581 3471 Pyrenaeis
606 3407 866 3457 montibus
902 3407 1155 3459 dividitur
1183 3426 1213 3460 a
1245 3410 1369 3460 Gal·
1449 3411 1664 3476 prolati·
1689 3410 1891 3468 tinibus,
1921 3409 1986 3460 ad
2025 3407 2312 3460 Galleciem
2351 3422 2512 3473 nsque

302 3483 405 3532 lia:
446 3481 645 3548 reliqua
676 3482 843 3533 latera
878 3499 1020 3535 mare
1058 3494 1168 3536 tum
1197 3496 1369 3536 exter·
1448 3495 1503 3538 et
1568 3488 1836 3538 Oceanum
1892 3486 2214 3537 Atlanticum
2270 3492 2514 3549 porrecta

304 3574 451 3622 num,
489 3566 599 3610 tum
624 3560 880 3611 internum
903 3564 1071 3613 alluit.
1139 3564 1217 3613 Eo
1240 3569 1369 3613 tem·
1447 3570 1564 3625 ειη
1598 3565 1866 3625 ulteriore,
1889 3579 2003 3629 qnae
2039 3561 2186 3612 initio
2222 3563 2373 3623 longe
2403 3574 2510 3610 arn-

303 3651 434 3700 pore
457 3636 618 3687 Ibero
637 3634 848 3686 flumine
869 3638 920 3687 in
941 3638 1070 3688 dnae
1093 3647 1269 3703 partes
1292 3638 1370 3689 di·
1456 3642 1606 3706 plior,
1629 3643 2005 3705 angustioribus
2027 3639 2214 3690 tinibus
2229 3644 2515 3700 coarctata,

304 3713 603 3775 videbatur,
635 3729 845 3779 quarum
869 3715 1088 3765 citerior
1112 3717 1372 3777 Romanis,

306 3790 528 3841 ulterior
572 3790 1089 3855 Carthaginiensibus
1146 3792 1372 3842 addicta.

303 3868 394 3919 Sic
434 3876 613 3920 tamen
659 3877 718 3919 nt
769 3871 1065 3935 Saguntini,
1104 3871 1192 3937 qni
1238 3872 1375 3920 ultra

305 3946 541 4002 iberum,
565 3946 709 3995 liberi
736 3961 797 3996 ac
826 3948 904 3996 sni
934 3948 1072 4012 juris
1094 3953 1285 4012 essent,
1308 3948 1374 3998 ob

307 4022 659 4072 Romanorum
681 4023 1003 4075 societatem.
1069 4023 1376 4089 Postquam,

306 4099 464 4149 vietis
511 4099 1054 4164 Carthaginiensibus,
1101 4108 1214 4152 tota
1262 4100 1373 4150 fere

307 4177 455 4241 regio
479 4176 531 4227 in
550 4176 905 4227 Romanorum
925 4178 1171 4228 ditionem
1195 4178 1378 4241 cessit3

308 4253 543 4316 citerior,
566 4253 665 4304 nub
687 4254 834 4304 nnius
872 4255 1164 4306 Provineiae
1187 4257 1376 4306 Tarra-

308 4332 551 4384 conensis
574 4331 803 4397 nomine,
824 4333 977 4398 longe
1006 4333 1146 4386 ultre
1167 4333 1376 4386 Iberum

1454 3719 1582 3770 licet
1616 3720 1667 3767 in
1689 3719 1817 3767 duas
1841 3716 2160 3776 Provincias,
2181 3715 2431 3764 Baeticam
2456 3720 2512 3762 et

1455 3796 1791 3858 Lusitaniam,
1816 3795 1994 3843 divisa.
2029 3793 2233 3842 Nomen
2256 3789 2513 3855 hodieque

1455 3881 1631 3923 servat
1648 3874 1792 3934 Gall,
1813 3873 2058 3935 Espagne:
2081 3877 2335 3935 paretque
2353 3868 2515 3918 mexi-

1454 3962 1541 3997 ma
1570 3963 1633 3997 ex
1665 3937 1822 4010 'parte
1861 3948 1989 4012 Regi
2015 3948 2280 3997 catholico
2292 3962 2307 4006 3
2340 3952 2515 3995 extre·

1453 4040 1559 4087 ma,
1597 4024 1662 4074 ad
1701 4039 1940 4074 oceasum
1978 4033 2034 4074 et
2076 4024 2269 4088 partim
2305 4022 2370 4072 nd
2409 4035 2515 4071 rne-

1454 4103 1658 4165 ridiem,
1721 4101 2058 4165 Por-tugalliae
2114 4102 2225 4164 regi
2281 4098 2516 4162 subjecta

1452 4187 1590 4231 sunt.

1519 4263 1540 4290 ¹·
1572 4255 1827 4322 Proeficere
1853 4253 2014 4318 malle]
2048 4251 2306 4317 Intellige,
2327 4249 2517 4302 milita·

1456 4333 1600 4386 ribus
1623 4332 2063 4399 expeditionibus.
