3025 4892
441 369 614 437 1426

440 831 653 899 Appian.

1416 388 1487 436 '1'-
1535 388 1724 437 mvn

763 536 1014 597 licentiae
1056 535 1353 618 popularis
1399 536 1786 597 coercendam
1836 537 2219 598 temeritatem
2263 535 2409 598 utile
2452 556 2652 597 exem·-

763 633 927 715 plum
972 633 1238 695 naditur.
1324 634 1707 694 Abeuntibus
1747 632 1956 713 legatis
1998 635 2148 696 inter
2183 634 2505 696 confertam
2529 634 2651 694 Ta-

762 732 1119 792 rentinorum
1162 733 1416 804 turbam,
1443 750 1580 813 quae
1608 732 1666 791 in
1695 731 1822 812 ipso
1846 733 2060 792 theatri
2084 733 2250 792 exitu
2291 733 2650 802 constiterat,

762 847 963 888 scurra
1001 829 1245 909 quidam
1274 828 1628 890 Philonides
1668 832 1830 905 (nam
1863 831 1975 889 hoc
2000 848 2232 909 quoque
2258 830 2514 889 moribus
2536 830 2655 888 suis

762 936 1036 1006 corrupta
1059 926 1269 986 civitas
1291 926 1491 997 debet,
1521 935 1588 987 ut
1624 926 1924 987 celebrata
1956 927 2073 987 sint
2096 925 2405 985 annalibus
2428 946 2653 986 scurra-

762 1041 889 1081 rum
932 1024 1189 1094 nomina,
1229 1023 1676 1084 Tarentinorum
1720 1024 2044 1106 principum
2083 1025 2442 1102 ignorentur)
2485 1042 2657 1083 sacra

764 1116 1086 1196 legatorum
1152 1122 1522 1192 vestimenta,
1587 1121 1752 1181 canis
1815 1121 2167 1202 impudentis
2232 1120 2433 1191 instar,
2485 1121 2655 1180 urina

470 1214 582 1263 val.
600 1215 740 1266 Mu.
763 1217 1051 1296 respersit.
1136 1216 1334 1277 Unius
1364 1218 1560 1298 spurci
1583 1226 1647 1278 et
1685 1218 1884 1278 furiosi
1916 1218 2164 1278 hominis
2187 1237 2261 1276 ea
2285 1237 2444 1277 noxa
2469 1216 2655 1277 videri

439 1294 498 1327 ιι.
518 1286 566 1330 2.
590 1287 638 1329 5.

436 1359 640 1427 Dionys.

764 1314 1065 1393 potuisset,
1092 1315 1204 1373 nisi
1234 1315 1497 1395 protinus
1525 1315 1857 1394 agnovisset
1889 1315 2210 1375 temulenta
2249 1315 2481 1385 civitas,
2509 1315 2652 1374 risu-

762 1428 879 1488 que
903 1421 965 1470 et
996 1410 1296 1490 plausibus
1322 1411 1546 1471 factum
1573 1411 1721 1471 illud
1747 1412 2247 1492 comprobantium
2271 1420 2459 1485 totum
2483 1412 2649 1471 thea-

759 1513 913 1565 trum
940 1507 1300 1568 insonuisset.
1371 1508 1716 1569 Postumius
1740 1509 1854 1569 hac
1877 1528 2023 1570 voce
2048 1507 2233 1579 edita,
2262 1517 2280 1544 ‘
2304 1507 2654 1588 Accipimus

668 1686 673 1691 .
758 1622 952 1675 omen,
993 1625 1031 1664 o
1055 1625 1273 1677 scurra,
1299 1605 1538 1686 quando
1579 1615 1644 1666 et
1682 1626 1756 1665 ea
1795 1607 1963 1666 nobis
1994 1605 2171 1676 datis,
2198 1622 2331 1685 quae
2355 1625 2473 1667 non
2499 1606 2651 1686 petia

758 1702 928 1770 mus‚’
972 1722 1284 1762 conversus
1326 1702 1403 1763 ad
1446 1702 1899 1775 multitudinem,
1953 1712 2288 1782 vestemque
2337 1703 2654 1781 ignominia

758 1799 1039 1860 affectam
1092 1808 1410 1870 ostentans,
1480 1801 1582 1859 ubi
1646 1800 2049 1880 redintegratis
2107 1799 2408 1859 cachinnis
2471 1799 2651 1858 etiam

760 1916 960 1956 versus
1002 1896 1059 1954 in
1094 1896 1375 1977 populum
1402 1895 1748 1958 Romanum
1780 1897 2233 1959 contumeliosos
2263 1897 2396 1956 cani
2421 1895 2650 1956 saltari-

716 2023 734 2035 ·
761 2014 877 2073 que
919 1992 1105 2064 videt,
1148 2002 1166 2029 ‘
1188 1992 1452 2066 Ridete,’
1487 1995 1807 2066 exclamat,
1852 2004 1870 2031 ⁶
1888 1994 2095 2065 ridete,
2138 1992 2464 2064 Tarentini,
2507 1993 2652 2053 dum

764 2091 940 2151 licet:
982 2108 1121 2150 nam
1160 2100 1369 2171 postea
1409 2091 1646 2172 quidem
1689 2091 1850 2171 large
1882 2090 2135 2151 flebitis:
2218 2088 2395 2149 Iratis
2418 2089 2496 2149 ad
2521 2090 2653 2150 haec

764 2186 1115 2258 Tarentinis,
1158 2197 1176 2224 ⁶
1197 2184 1284 2248 Et
1320 2209 1439 2268 quo
1472 2189 1702 2267 magis,'
1741 2190 1952 2269 inquit,
1980 2188 2475 2257 ‘stomachemini,
2501 2205 2652 2267 prae·

763 2282 900 2344 dico
938 2294 1159 2346 vestem
1198 2286 1371 2346 istam
1409 2286 1688 2365 sanguine
1730 2284 1919 2346 multo
1943 2286 2112 2345 vobis
2149 2283 2462 2345 eluendam
2485 2284 2653 2344 ωε.)

763 2380 921 2442 Post
944 2383 1095 2453 haec,
1124 2381 1291 2442 nullo
1315 2382 1436 2443 alio
1460 2392 1707 2464 accepto
1732 2403 2026 2464 responso,
2054 2382 2502 2460 abnavigarunt.

832 2484 933 2540 10.
975 2478 1115 2539 Jam
1154 2478 1372 2540 Romae
1416 2480 1818 2558 magistratum
1859 2488 2214 2559 occeperunt
2257 2478 2325 2539 L.
2379 2477 2654 2538 AEmilius

757 2573 1044 2648 Barbula,
1064 2578 1149 2644 Q.
1180 2576 1447 2638 Marcius
1472 2577 1797 2658 Philippus
1831 2575 2149 2637 commless
2233 2574 2360 2634 His
2384 2588 2652 2635 senatum

753 2670 1124 2745 habentibus,
1151 2694 1288 2735 cum
1313 2684 1376 2735 et
1400 2683 1750 2756 praetextam
1778 2676 1966 2750 (nam,
1989 2673 2074 2733 uti
2100 2681 2230 2732 erat
2250 2671 2495 2743 foedata,
2516 2692 2651 2731 eam

754 2769 1073 2831 attulerant
1097 2771 1304 2849 legati)
1331 2781 1655 2841 cernerent,
1682 2781 1745 2830 et
1768 2771 1906 2851 ipsis
1940 2769 2368 2851 exponentibus
2391 2778 2650 2828 ceterum

753 2862 978 2941 injuriae
1003 2876 1125 2925 tam
1150 2867 1497 2947 multiplicis
1520 2867 1782 2927 ordinem
1804 2867 2097 2926 discerent
2125 2865 2362 2936 Patres,
2389 2884 2645 2925 commo·

751 2959 826 3017 tis
865 2963 1146 3039 majorem
1182 2964 1240 3021 in
1267 2963 1507 3023 modum
1549 2964 1760 3023 animis
1783 2965 2063 3034 omnium,
2089 2962 2332 3022 dubium
2358 2982 2470 3022 non
2498 2971 2648 3034 erat,

751 3056 892 3135 quin
945 3060 1120 3118 armis
1161 3058 1447 3120 vindicari
1496 3060 1912 3120 contumeliam
1945 3068 2258 3141 oporteret.
2344 3058 2468 3119 Sed
2508 3059 2652 3139 quia

752 3160 842 3211 tot
864 3154 997 3215 aliis
1024 3155 1302 3217 adversus
1331 3157 1722 3218 validissimas
1761 3167 1964 3236 gentes
1988 3156 2161 3216 bellis
2193 3155 2472 3216 districtae
2497 3157 2653 3216 vires

752 3261 943 3323 erant,
982 3254 1279 3324 statimne,
1319 3275 1395 3314 an
1436 3263 1667 3336 postea,
1708 3265 1913 3328 contra
1954 3253 2303 3314 Tarentinos
2333 3252 2652 3313 mittendus

502 3382 561 3413 on
601 3383 641 3415 ⁸,
752 3350 1045 3409 exercitus
1084 3361 1258 3422 esset,
1284 3371 1492 3432 parum
1536 3352 1967 3432 expediebant:
2010 3350 2338 3430 multosque
2378 3370 2483 3430 per
2522 3349 2652 3411 dies

753 3448 831 3506 ab
856 3457 986 3507 orta
1010 3448 1141 3507 luce
1168 3448 1245 3507 ad
1270 3468 1545 3509 occasum
1568 3448 1709 3510 solis
1731 3469 1792 3508 re
1821 3449 1877 3507 in
1904 3458 2110 3508 senatu
2133 3446 2483 3528 disceptata,
2508 3467 2646 3508 cum

752 3542 853 3601 alii
907 3554 925 3580 ‘
945 3544 1089 3603 nihil
1138 3545 1483 3606 tentandum
1551 3545 1884 3626 priusquam
1937 3554 2148 3604 ceterae
2197 3544 2491 3615 civitates,
2544 3554 2652 3604 aut

751 3639 961 3700 saltem
986 3661 1122 3722 quae
1148 3642 1413 3702 finitimae
1438 3642 1697 3702 Tarento
1722 3651 1915 3702 essent
1937 3641 2328 3722 pacarentur‚'
2355 3640 2456 3700 alii
2484 3650 2502 3677 ⁶
2521 3642 2648 3701 sine

754 3758 916 3799 mora
968 3739 1401 3799 decernendum
1451 3760 1578 3799 esse
1630 3738 1881 3797 bellum'
1935 3747 2292 3820 pugnarent:
2355 3746 2649 3819 postremo

756 3836 1070 3895 numeratis
1107 3837 1411 3896 sententiis
1448 3835 2014 3896 senatusconsultum
2049 3835 2275 3895 factum
2300 3844 2409 3904 est,
2441 3845 2457 3871 ‘
2478 3845 2545 3895 ut
2567 3835 2647 3896 de

754 3930 913 3991 bello
936 3930 1266 3991 Tarentinis
1291 3931 1593 3992 inferendo
1618 3931 1696 3991 ad
1733 3932 2015 4012 populum
2039 3931 2323 3992 ferretur.’
2405 3931 2483 3991 Id
2507 3950 2644 3992 cum

754 4026 1006 4107 populus
1045 4048 1327 4087 consensu
1360 4029 1650 4107 jussisset,
1697 4028 1774 4087 ad
1826 4028 2126 4087 AEmilium
2178 4028 2497 4099 consulem,
2540 4031 2647 4109 qui

741 4124 959 4202 jamin
1004 4123 1307 4184 Samnium
1349 4124 1427 4184 ad
1455 4125 1777 4185 exercitum
1817 4124 2115 4206 profectus
2151 4124 2367 4197 fuerat,
2409 4127 2642 4208 scriptoe

1328 4276 1351 4311 9
1386 4266 1451 4319 Α.
1476 4268 1541 4320 U.
1566 4268 1625 4320 C.
1649 4271 1761 4320 4⁷1.
1797 4267 1862 4320 Α.
1886 4266 1942 4320 C·
1964 4270 2080 4320 281.
