3025 4892
836 356 1040 407 ιιιιιιι
1093 357 1295 407 xvn.
1339 357 1986 408 supensunwruu.
2343 339 2512 409 1543

376 507 479 562 20.
527 500 787 562 Facilius
828 500 997 563 alteri
1036 500 1260 562 consuli
1301 500 1522 561 bellum
1547 521 1683 563 cum
1710 500 1916 562 Sardis
1940 511 2002 561 et
2041 500 2189 560 Car·

296 599 757 677 thaginiensibus
796 597 874 659 ad
917 598 1161 659 Olbiam
1200 598 1350 659 fuit:
1392 619 1511 679 quo
1551 618 1808 659 reversus
1845 619 1981 659 cum
2006 599 2192 657 aucti·

297 693 502 756 oribus
520 696 726 775 copiis;
749 694 1111 756 Hannonem
1138 696 1383 766 invenit,
1405 716 1581 775 quem
1603 694 1949 756 Hannibale
1969 703 2193 756 remoto
2218 711 2360 762 οη...
2373 725 2448 759 ιν.
2464 714 2514 761 τ.

273 773 817 871 ‘Carthaginienses
839 793 1013 853 rebus
1035 792 1346 852 maritimis
1368 792 1768 873 praefecerant.
1854 791 2074 870 Pugna
2094 811 2193 851 ve·

294 888 558 948 hementi
582 887 766 960 facta,
794 888 1024 949 Hanno
1045 889 1356 949 fortissime
1381 888 1692 958 dimicans,
1720 908 1855 948 cum
1881 888 2037 949 vinci
2062 908 2196 948 suos

293 984 592 1054 videret,
577 1004 635 1044 ιιι
659 984 1110 1046 confertissimos
1133 986 1367 1046 hostes
1351 1003 1575 1045 irruens
1607 983 1947 1044 interfectus
1968 994 2079 1055 est,
2103 1004 2194 1046 se-

275 1091 556 1174 cutaque
597 1081 799 1163 oppidi
838 1081 1081 1142 deditio.
1183 1081 1410 1143 Consul
1450 1081 1715 1144 victoriae
1754 1079 1974 1141 famam
2017 1081 2196 1141 etiam
2224 1076 2521 1192 vid-21⁸1„-

297 1177 683 1238 humanitatis
706 1177 982 1239 adversus
1004 1178 1270 1239 hostem
1256 1179 1465 1258 insigni
1487 1178 1838 1239 documento
1862 1176 2195 1237 decoravit:

299 1293 440 1333 nam
484 1294 520 1333 e
562 1274 956 1335 tabernaculo
979 1295 1085 1335 suo
1117 1295 1330 1356 corpus
1356 1274 1677 1335 Hannonis
1701 1273 2058 1334 efferendum
2096 1294 2199 1334 cu·
2225 1287 2312 1336 Sil.
2328 1285 2437 1334 Ital.
2459 1287 2493 1333 1.
2568 1339 2581 1350 ,
2608 1345 2621 1350 -

301 1370 483 1440 tamt,
512 1370 896 1451 amplasque
880 1373 989 1451 ipsi
1015 1370 1159 1431 feeit
1180 1373 1486 1452 exequias,
1510 1371 1872 1432 cessantibus
1895 1379 2027 1450 post
2050 1389 2201 1430 mor-
2349 1354 2467 1402 ⁸⁶⁰⁷
2478 1356 2521 1401 ¹·
2544 1352 2561 1362 ”
2580 1373 2611 1400 ’-

301 1475 426 1526 tem
467 1465 640 1539 odiis,
665 1467 938 1529 virtutem
976 1468 1157 1529 etiam
1181 1469 1242 1529 in
1268 1469 1432 1530 hoste
1457 1467 1858 1578 honorandam
1898 1486 2021 1576 esse
2045 1475 2202 1527 recte

289 1562 598 1641 judicans.

385 1665 489 1719 21.
535 1657 687 1720 Inde
712 1661 958 1722 recentis
980 1662 1242 1722 victoriae
1266 1670 1545 1722 terrorem
1568 1659 1902 1723 exolescere
1928 1678 2044 1721 non
2071 1679 2207 1740 pas-

302 1776 425 1827 sm,
453 1755 672 1817 multas
692 1767 758 1817 et
780 1757 929 1817 alias
955 1755 1245 1818 Sardiniae
1270 1758 1444 1818 urbes
1471 1758 1656 1839 cepit,
1682 1757 1927 1818 consilio
1951 1756 2205 1837 doloque

305 1854 585 1913 virtutem
624 1853 933 1932 adjuvans.
1031 1854 1280 1916 Solebat
1319 1856 1474 1916 enim
1516 1865 1693 1917 noctu
1736 1854 1987 1937 appulsa
2027 1854 2206 1914 littori
2258 1868 2418 1918 Pront.
2443 1881 2529 1918 ιιι.

306 1950 498 2011 classe
542 1950 804 2012 delectos
843 1970 921 2011 ex
961 1951 1301 2012 cohortibus
1340 1951 1499 2013 haud
1546 1951 1749 2033 procul
1789 1950 2042 2033 oppidis,
2075 1969 2208 2031 quoe
2229 1939 2280 1985 ⁰·
2302 1943 2355 1983 Εἴ
2372 1939 2451 1985 ¹⁰·

307 2047 524 2108 adoriri
563 2049 964 2120 constituerat,
990 2068 1321 2129 exponere:
1361 2050 1464 2129 qui
1505 2050 1704 2110 locum
1741 2049 1968 2110 inndm
1997 2068 2209 2129 oppor-

305 2153 514 2204 tunum
540 2154 903 2226 occupantes
924 2146 1344 2227 expectabant,
1370 2145 1560 2206 donec
1588 2147 1666 2207 ad
1691 2147 1849 2227 ipsas
1879 2145 2053 2206 nrbes
2075 2164 2211 2222 sug-

307 2261 536 2320 gressus
576 2239 780 2302 consul
814 2242 1139 2323 oppidanos
1171 2242 1232 2302 in
1273 2261 1438 2302 arma
1470 2242 1804 2324 compulsos
1842 2241 2211 2302 simulatione

306 2335 468 2417 fugae
504 2337 736 2418 longius
768 2358 806 2399 a
845 2339 1129 2408 moenibus
1167 2338 1495 2399 elicuisset:
1545 2349 1668 2401 tum
1709 2338 1796 2398 illi
1838 2337 2214 2399 advenientes

308 2455 484 2510 cursu
509 2455 730 2496 vacuas
752 2435 1152 2496 defensoribus
1175 2437 1347 2498 urbes
1369 2435 1708 2516 capiebant.
1767 2435 1864 2495 Eo
1893 2443 2022 2495 astu
2050 2453 2211 2494 com·
2236 2449 2361 2499 Flos.
2386 2466 2445 2500 ιι.
2466 2456 2518 2502 8.

309 2531 510 2612 plures
536 2532 596 2591 in
626 2540 975 2613 potestatem
1002 2551 1246 2594 venere:
1296 2537 1641 2613 tantumque
1664 2531 1955 2594 vincendo
1982 2550 2211 2612 proces-

308 2650 440 2689 sum
467 2639 583 2699 est,
612 2638 679 2688 ut
701 2649 889 2710 neque
916 2630 974 2690 in
1002 2630 1247 2691 Corsica
1270 2650 1461 2710 neque
1488 2631 1551 2689 in
1584 2629 1860 2690 Sardinia
1891 2628 2213 2689 Poenorum
2324 2646 2331 2654 ·

310 2727 611 2788 exercitus
633 2726 945 2786 consistere
971 2737 1222 2807 possent.
1307 2727 1453 2793 Qua
1474 2726 1551 2787 de
1574 2744 1755 2787 causa
1778 2725 2014 2786 minime
2038 2723 2212 2785 dubi·

311 2833 503 2884 tatum
546 2832 658 2892 est,
704 2823 846 2905 quin
890 2822 1150 2883 Romam
1191 2843 1421 2884 reverso
1461 2822 1786 2903 triumphus
1832 2821 2218 2902 amplissImus

311 2920 745 2981 decerneretur.
825 2917 1237 3000 Triumphavit
1259 2920 1334 2981 de
1360 2919 1566 2981 Poenis
1589 2928 1652 2980 et
1676 2918 1953 2980 Sardinia
1975 2928 2038 2979 et
2062 2918 2213 2979 Cor·
2236 2948 2366 2998 pmi
2384 2951 2454 3000 C
2426 2966 2507 3065 p·
2488 2951 2545 2999 it.

311 3018 438 3078 sica
479 3026 622 3077 ante
661 3016 818 3076 diem
849 3033 913 3076 v.
958 3014 1106 3076 Idus
1137 3015 1415 3100 Martias,
1440 3037 1575 3077 cum
1615 3036 1890 3096 magnam
1914 3036 1992 3076 ex
2018 3015 2313 3077 insulisEu
2315 3025 2375 3064 tr.
2394 3017 2463 3065 ¹·¹

315 3114 439 3175 istis
463 3112 749 3223 predam,
771 3121 833 3173 et
858 3111 1046 3174 multa
1070 3112 1260 3174 millia
1281 3114 1646 3195 captivorum
1675 3113 2034 3175 adduxisset.

399 3218 500 3272 22.
547 3209 644 3270 At
681 3211 742 3270 in
787 3209 998 3271 Sicilia
1044 3210 1121 3271 C.
1168 3210 1377 3272 Florus
1418 3211 1764 3292 proconsule
1812 3210 2217 3291 Myfistratum
2240 3231 2410 3279 zonat.

315 3307 654 3378 obsidebat,
701 3307 896 3368 locum
948 3308 1259 3380 munitum,
1304 3318 1365 3368 et
1407 3307 1588 3368 semel
1642 3303 1963 3387 iterumque
2008 3306 2220 3366 frustra
2243 3295 2395 3345 Diod.

320 3414 635 3465 tentatum.
719 3403 825 3464 Ne
857 3405 984 3465 tum
1009 3404 1248 3485 quidem
1274 3406 1432 3487 prius
1453 3405 1778 3486 expugnari
1803 3404 2016 3485 potuit,
2043 3423 2219 3483 quam

321 3520 509 3561 novus
564 3500 799 3561 consul⁸
839 3501 925 3562 A.
973 3501 1202 3561 Atilius
1245 3501 1333 3562 A.
1387 3499 1460 3562 F.
1509 3501 1586 3561 C.
1632 3500 1724 3563 N.
1769 3500 2082 3561 Calatinus
2121 3520 2221 3559 ve·
2244 3525 2342 3574 zon
2344 3541 2410 3576 ar

322 3598 507 3658 niret.
552 3597 692 3657 huic
733 3598 890 3658 enim
933 3597 1164 3659 Sicilia
1177 3598 1499 3680 provincia,
1540 3597 1784 3677 collegae
1820 3600 1949 3678 ejus
1974 3595 2050 3657 C.
2080 3594 2220 3656 Sul-

321 3695 479 3775 picio
507 3694 596 3762 Q.
627 3692 700 3754 F.
729 3694 814 3762 Q.
843 3694 935 3756 N.
963 3693 1286 3756 Paterculo
1323 3694 1525 3756 classis
1563 3703 1855 3755 evenerat.
1946 3692 2025 3764 Ii,
2059 3691 2272 3805 quod2
2276 3690 2347 3738 Po
2318 3691 2509 3755 oalyb.

322 3790 618 3854 Panormi
659 3790 1227 3871 Carthaginiensium
1266 3792 1543 3871 hyberna
1568 3800 1755 3862 erant,
1782 3810 1945 3851 cum
1957 3747 2305 3849 omnibus&¹

322 3889 512 3968 copiis
551 3908 627 3949 eo
665 3887 911 3970 profecti
950 3889 1078 3949 acie
1112 3889 1393 3949 instructa
1425 3887 1616 3949 fecere
1656 3886 1953 3969 pugnandi
1991 3885 2223 3965 copiam

326 3986 627 4046 hostibus:
669 3984 774 4047 sed
817 3987 1046 4046 nemine
1085 3995 1289 4046 contra
1322 3985 1665 4065 prodeunte,
1698 3984 2045 4066 Hippanam
2073 3983 2224 4062 peti-

789 4193 796 4204 ‘
895 4192 913 4216 ⁸
949 4182 1014 4234 A·
1039 4184 1105 4237 U·
1127 4184 1186 4235 C.
1212 4187 1327 4234 494.
1366 4182 1429 4232 Α.
1455 4181 1520 4233 C.
1540 4186 1653 4232 2⁵8.
1764 4221 1771 4234 .
