3025 4892
466 341 641 410 1562

467 517 639 582 Polyb.

1419 354 1492 407 Τ.
1545 355 1757 405 mvn·

793 511 1034 586 repente
1070 501 1448 566 incursarent.
1534 501 1810 583 Regulus
1839 509 2067 572 contr-a,
2092 499 2279 582 copiis
2310 517 2389 561 ex
2414 520 2575 563 more
2600 497 2694 562 in-

791 603 1044 673 structis,
1070 621 1206 662 cum
1246 600 1594 682 elephantos
1632 600 1693 660 in
1734 601 1923 681 prima
1962 598 2284 659 Poenorum
2320 600 2449 660 acie
2472 609 2709 676 stantes

792 700 1213 780 conspexisset,
1239 697 1547 759 consilium
1571 695 1838 757 celeriter
1860 696 2024 777 capit
2042 716 2061 755 τ
2103 696 2309 756 leviter
2337 705 2593 757 armatos
2630 697 2691 755 in

791 796 1044 856 frontem
1086 795 1363 856 adducit:
1410 794 1468 854 in
1509 793 1783 854 subsidiis
1822 792 1983 854 locat
2012 793 2224 853 densos
2263 791 2555 872 legionum
2595 813 2692 853 or-

788 891 992 953 dines:
1036 892 1263 973 equites
1302 893 1363 951 in
1396 911 1619 953 cornua
1642 890 2081 952 diffunduntur:
2125 890 2196 952 fit
2218 892 2377 952 acies
2400 892 2459 951 in
2486 891 2692 951 altitu-

788 988 984 1050 dinem
1028 987 1219 1060 firma,
1246 988 1348 1049 sed
1392 987 1578 1049 multo
1613 1008 1793 1069 quam
1819 988 2010 1049 fuerat
2033 988 2345 1067 angustior.
2430 987 2532 1048 Ita
2553 1007 2692 1048 cnm

786 1097 851 1148 et
889 1087 968 1147 ab
995 1085 1344 1168 elephantis,
1371 1096 1435 1146 et
1457 1086 1536 1147 ab
1560 1086 1858 1167 equitibus
1882 1086 2137 1147 bostium
2169 1084 2491 1166 periculum
2515 1095 2692 1158 esset,

788 1184 1068 1245 adversus
1111 1182 1440 1243 belluarum
1479 1183 1719 1264 quidem
1761 1183 2135 1264 irruptionem
2174 1192 2333 1243 recte
2370 1182 2691 1264 provisum,

786 1280 893 1341 sed
933 1281 993 1339 in
1036 1280 1183 1341 locis
1223 1280 1563 1362 patentibus
1585 1280 1837 1362 spatium
1870 1280 2161 1360 equitatui
2186 1279 2433 1340 bostium
2458 1277 2691 1350 datum,

787 1387 857 1438 ut
877 1377 1268 1438 circumfundi
1291 1378 1609 1439 contractis
1631 1376 1932 1438 ordinibus
1956 1385 2170 1458 ponet.

867 1481 968 1534 26.
1014 1473 1300 1534 Praelium
1346 1475 1426 1534 ab
1467 1473 1795 1556 elephantis
1837 1474 2037 1556 coepit,
2082 1493 2233 1553 quos
2277 1471 2337 1531 in
2382 1470 2691 1532 adversum

787 1591 996 1650 agmen
1034 1572 1130 1650 agi
1159 1571 1549 1654 Xanthippus
1567 1573 1781 1650 jussit:
1823 1570 2247 1649 confestimque
2272 1567 2536 1629 Romani
2561 1567 2691 1629 cla-

785 1688 946 1728 more
989 1667 1228 1728 sublato
1271 1688 1436 1730 arma
1480 1668 1777 1750 pulsantes
1820 1666 2193 1729 contulerunt
2234 1664 2497 1745 gradum.
2580 1666 2693 1725 Ab

785 1764 1084 1845 equitibus
1121 1764 1304 1844 etiam
1344 1766 1636 1845 utrimque
1679 1767 1741 1826 in
1788 1765 2062 1826 cornibus
2105 1783 2303 1845 pugna
2344 1763 2690 1824 commissa:

785 1862 890 1922 sed
934 1860 1106 1941 longe
1148 1862 1245 1923 hic
1277 1861 1500 1923 minore
1526 1861 1937 1923 Romanorum
1961 1880 2222 1932 numero,
2249 1880 2385 1921 cum
2423 1858 2693 1920 sustineri

786 1958 878 2020 vis
917 1959 1170 2020 bostium
1197 1979 1316 2020 non
1355 1970 1574 2041 posset,
1603 1963 1724 2021 cito
1749 1959 1892 2039 fuga
1914 1958 2079 2020 facta
2101 1968 2210 2019 est.
2293 1956 2389 2018 At
2413 1978 2448 2017 e
2476 1956 2692 2039 pediti·

785 2054 899 2116 bus
927 2057 1044 2136 ,qui
1093 2056 1307 2118 sinistri
1358 2057 1685 2128 astiterant,
1729 2057 1854 2117 sive
1897 2055 2345 2138 elephantorum
2385 2074 2694 2116 occursum

784 2152 1049 2224 vitaturi,
1065 2155 1190 2214 sive
1208 2153 1530 2216 faciliorem
1554 2163 1853 2236 sperantes
1877 2154 1953 2214 de
1972 2153 2340 2215 mercenariis
2361 2152 2691 2224 victoriam,

783 2249 994 2311 borum
1033 2250 1091 2310 in
1130 2251 1321 2313 aciem
1357 2253 1604 2322 irruunt,
1644 2271 1956 2332 versosque
1997 2252 2058 2311 in
2099 2249 2301 2330 fugam
2343 2248 2423 2309 ad
2460 2248 2693 2309 vallum

786 2367 970 2427 usque
1010 2357 1330 2410 casn-orum
1370 2347 1670 2410 hostilium
1696 2355 2135 2430 persequuntur.
2221 2345 2369 2406 Non
2401 2365 2573 2426 aeque
2598 2345 2693 2406 fa-

461 2457 768 2508 Frontsstrat.
784 2444 899 2505 cile
942 2444 1183 2526 reliquis
1222 2445 1500 2508 adversus
1539 2445 1882 2526 elephantos
1913 2453 2207 2506 certamen
2248 2442 2398 2504 fuit:
2441 2463 2693 2523 quorum

457 2541 524 2574 ιι.
547 2530 597 2576 2.

454 2590 629 2656 Polyb.

781 2541 1138 2603 intolerabili
1180 2543 1336 2604 mole
1376 2542 1817 2624 dissipabantur
1845 2541 2097 2614 ordines,
2126 2541 2575 2622 proterebantur
2598 2560 2693 2601 ar·

781 2640 948 2711 mati,
978 2642 1216 2720 agmina
1237 2650 1366 2702 tota
1391 2650 1673 2722 tanquam
1700 2640 1868 2700 ruina
1890 2640 2312 2700 sternebantur.

860 2742 961 2804 2⁷.
1007 2736 1350 2799 sustinebat
1389 2748 1588 2799 tamen
1630 2738 2030 2797 incumbentes
2070 2737 2200 2817 ipsa
2231 2735 2380 2796 aciei
2408 2734 2692 2807 densitas,

781 2831 1032 2913 aliisque
1074 2833 1175 2894 alii
1212 2836 1512 2895 substituti
1535 2833 1805 2895 ordines:
1844 2832 2034 2895 donec
2058 2832 2230 2893 simul
2255 2832 2401 2893 locis
2421 2833 2695 2894 omnibus

783 2927 1038 2989 laborari
1081 2939 1357 3011 coeptum,
1383 2930 1528 2990 dum
1567 2931 1817 2992 extremi
1859 2931 2076 3012 quique
2118 2931 2197 2990 ab
2238 2929 2539 3010 equitibus
2578 2929 2694 2991 cir·

782 3027 1104 3097 cumventi,
1128 3027 1350 3107 priores
1389 3035 1684 3107 quotquot
1711 3028 1843 3107 jam
1875 3027 2318 3109 elephantorum
2343 3026 2534 3087 aciem
2560 3047 2693 3109 per·

782 3131 1083 3203 ruperant,
1127 3124 1208 3184 ab
1256 3123 1485 3205 integra
1531 3134 1595 3184 et
1641 3125 1924 3186 instructa
1968 3125 2261 3207 phalange
2307 3125 2588 3195 hostium,
2632 3134 2696 3186 et

783 3219 1202 3281 assultantibus
1241 3220 1535 3302 utrimque
1559 3220 1839 3283 velitibus
1862 3224 2119 3305 excepti,
2148 3222 2366 3304 passim
2392 3220 2693 3282 trucidan-

782 3328 896 3380 tur.
985 3316 1208 3398 Neque
1249 3318 1440 3379 minus
1478 3317 1661 3379 caedis
1699 3319 1761 3378 in
1801 3319 1929 3401 ipsa
1968 3319 2112 3399 fuga
2145 3318 2293 3380 fuit:
2343 3339 2449 3400 per
2487 3328 2697 3399 aperta

782 3416 922 3478 loca
943 3424 1023 3480 .et
1065 3415 1247 3497 plana
1289 3415 1506 3478 effusos
1540 3416 1837 3498 elephanti
1874 3415 1944 3478 N
1946 3416 2275 3497 nmidaeque
2310 3416 2542 3497 equites
2582 3417 2696 3476 im-

723 3573 738 3588 ,
784 3514 942 3574 missi
982 3521 1330 3574 straverunt.
1415 3513 1510 3575 Μ.
1550 3513 1825 3593 Regulus
1862 3534 1999 3575 cum
2039 3514 2327 3576 militibus
2359 3513 2484 3574 fere
2519 3513 2693 3593 quin·

782 3611 971 3690 gentis
1014 3611 1183 3672 vivus
1223 3612 1282 3671 in
1330 3631 1539 3672 manus
1576 3611 1832 3672 hostium
1878 3612 2075 3673 venit:
2126 3631 2207 3671 ex
2252 3620 2379 3671 toto
2422 3611 2693 3671 exercitu

779 3728 899 3769 non
941 3707 1192 3790 amplius
1229 3708 1351 3770 duo
1386 3708 1575 3769 millia
1612 3709 1938 3779 bominum,
1981 3709 2083 3789 qui
2128 3708 2516 3769 mercenarios
2560 3706 2694 3768 loco

781 3804 1147 3886 pepulerant,
1201 3804 1480 3866 festinato
1533 3806 1700 3866 abitu
1752 3805 2047 3887 Clupeam
2107 3804 2429 3867 incolumes
2480 3813 2694 3886 prater

778 3921 943 3982 spem
968 3911 1294 3962 evaserunt.
1377 3901 1790 3963 Romanorum
1816 3903 2220 3983 sociorumque
2245 3901 2432 3962 millia
2458 3902 2692 3962 circiter

780 3997 1022 4075 triginta
1061 4007 1196 4058 sunt
1236 3996 1562 4059 interfecta.
1644 3998 1748 4078 De
1791 3998 2030 4061 Punico
2055 4000 2318 4060 exercitu
2350 3996 2690 4059 ceciderunt

780 4113 898 4152 non
939 4093 1132 4165 multi,
1159 4105 1370 4177 praeter
1410 4098 1779 4176 octingentos
1810 4117 1889 4157 ex
1917 4097 2403 4159 mercenariorum
2431 4096 2684 4176 agmine,

782 4189 941 4269 quod
968 4190 1243 4253 adversus
1265 4193 1560 4255 sinistrum
1587 4194 1772 4256 hostis
1795 4215 1975 4256 cornu
2013 4193 2415 4278 dimicaverat.
