3025 4892
481 336 654 405 1430

482 1092 653 1143 Zonar.

1452 353 1523 401 Τ.
1572 353 1766 403 mvn

801 503 1053 574 fuerant,
1080 524 1153 563 ne
1179 502 1451 584 pacificis
1462 501 1722 564 consiliis
1746 500 2076 563 valentibus
2105 501 2184 563 ad
2207 502 2599 585 supplicium
2584 508 2694 587 ipsi

802 600 1169 671 dederentur,
1201 601 1480 681 increpito
1519 599 1720 679 vulgo,
1761 600 1957 680 ‘quod
1998 601 2077 661 ab
2115 601 2349 661 homine
2389 605 2697 663 temerario

803 708 925 759 tam
969 698 1203 776 indigne
1240 697 1491 758 derideri
1532 699 1866 779 pateretui-‚³
1908 699 2127 780 impetu
2168 698 2351 770 facto,
2386 698 2691 760 Metonem

803 795 1031 855 theatro
1056 803 1393 874 exegerunt.
1468 794 1593 868 Ita,
1625 795 1854 857 nemine
1883 795 2159 876 deinceps
2197 794 2563 868 adversante,
2588 797 2693 858 de-

802 903 1024 955 cretum
1047 902 1237 954 ramni
1260 892 1392 952 fuit.

883 997 984 1054 17.
1028 989 1122 1050 At
1146 988 1455 1049 Romanus
1476 990 1703 1060 consid,
1731 1009 1865 1051 eum
1889 988 2035 1049 nihil
2062 990 2140 1049 ab
2161 988 2494 1049 Tarentinis
2517 1011 2695 1071 paca-

804 1087 851 1151 ti
886 1086 1344 1167 responderetur,
1374 1095 1656 1167 praeterea
1684 1086 1838 1146 mitti
1866 1084 1945 1146 ad
1970 1086 2273 1167 Pyrrhum
2311 1085 2538 1165 legatos
2559 1108 2696 1148 cum

644 1205 719 1240 xv.
768 1220 785 1238 .
804 1185 1137 1251 muneribus
1176 1184 1517 1264 aeeepisset,
1545 1182 1623 1243 ad
1663 1182 1808 1242 belli
1848 1182 2096 1244 eonsilia
2132 1202 2461 1255 conversus,
2494 1204 2698 1263 agrum

482 1569 650 1620 Zonar.

518 3410 743 3489 Au.ng

483 3476 577 3526 Civ
580 3473 752 3530 .Dei,

535 3545 675 3591 1.1⁷.

505 3605 689 3654 Ennius
705 3617 784 3668 ap.

482 3669 591 3719 cie.
612 3686 672 3717 ιι.
693 3671 755 3719 de

482 3734 784 3785 Divinstzo.

514 3810 647 3860 Plut.
699 3812 750 3860 in

480 3874 688 3941 Pyrrho,
701 3881 782 3927 27.

542 4055 719 4106 suntin.

481 4135 642 4173 xv111.
666 4127 713 4172 1.

480 4184 615 4236 Plut.

804 1280 1137 1361 populatur,
1177 1280 1401 1362 oppida
1448 1279 1571 1340 alia
1619 1280 1955 1361 pugnando,
1997 1280 2120 1339 alia
2168 1278 2463 1340 deditione
2513 1283 2697 1363 capit,

804 1358 1020 1439 damno
1062 1396 1133 1437 ae
1182 1385 1396 1437 terrore
1437 1376 1694 1457 complet
1733 1377 1947 1437 omnia.
2031 1376 2350 1437 Mittuntur
2387 1378 2568 1438 etiam
2618 1378 2698 1438 ad

807 1472 1199 1553 prohibendus
1224 1473 1466 1552 injurias
1490 1475 1568 1533 ab
1591 1473 1848 1533 Tarento
1874 1474 2096 1554 eopiae:
2125 1471 2195 1533 fit
2207 1471 2512 1535 conflictus
2526 1494 2695 1536 acer:

803 1568 908 1630 sed
946 1571 1238 1651 superiore
1279 1569 1580 1641 Romano,
1608 1569 1804 1631 multis
1846 1590 2078 1630 suorum
2120 1570 2367 1640 amisis,
2395 1569 2595 1632 Graeei
2638 1573 2697 1631 in

803 1668 1005 1729 urbem
1035 1667 1480 1749 compelluntur.
1565 1667 1837 1727 AEmilius
1873 1668 2166 1746 regionem
2205 1687 2434 1727 omnem
2465 1668 2700 1749 impune

803 1773 1000 1826 vastat
1024 1765 1274 1845 uritque.
1329 1764 1576 1824 Territis
1598 1784 1672 1823 ea
1694 1764 1866 1824 clade
1890 1763 2244 1835 Tarentinis,
2275 1772 2340 1824 ut
2361 1763 2697 1836 multitudo,

803 1869 1024 1940 quanto
1047 1860 1316 1921 secundis
1336 1861 1507 1921 rebus
1531 1859 1888 1931 insolentior,
1915 1860 2174 1921 adversis
2196 1869 2362 1921 tanto
2389 1861 2702 1942 impensius

805 1958 865 2023 in
888 1959 1153 2018 timorem
1178 1976 1440 2039 praeeeps
1477 1966 1590 2028 est,
1617 1956 1832 2036 Agidi,
1856 1958 1959 2037 qui
1991 1954 2283 2017 Romanae
2308 1958 2581 2017 amicitiae
2606 1979 2697 2018 re-

803 2054 1061 2115 tinendae
1112 2064 1424 2135 perpetuus
1463 2063 1670 2114 auctor
1711 2053 1924 2123 fuerat,
1971 2054 2277 2133 imperium
2329 2054 2699 2135 permittitur.

804 2148 1208 2232 Cupiditatem
1231 2169 1507 2232 spemque
1549 2150 1713 2230 panis
1753 2158 2042 2209 auxerant
2080 2169 2157 2209 ex
2184 2150 2544 2231 principibus
2567 2152 2700 2230 qui-

803 2245 943 2317 dam
967 2248 1046 2307 ab
1079 2246 1358 2309 Romano
1397 2246 1548 2306 duee
1588 2245 1833 2318 dimissi,
1858 2246 1962 2327 qui
2001 2245 2422 2307 humanitatem
2464 2247 2614 2325 ejus,
2640 2257 2704 2308 et

804 2353 1028 2404 eeteros
1068 2345 1248 2405 etiam
1285 2343 1636 2405 Tarentinos
1678 2343 1969 2424 superiore
2011 2341 2235 2424 praelio,
2263 2350 2368 2401 aut
2393 2363 2497 2422 per
2531 2362 2703 2423 agros

804 2442 1019 2521 passim
1043 2450 1343 2523 exceptos,
1370 2440 1736 2519 indulgenter
1752 2450 1929 2520 atque
1961 2441 2211 2519 benigne
2237 2439 2463 2511 haberi,
2489 2440 2700 2521 praedi-

801 2538 1037 2599 cabant.

885 2641 987 2694 18.
1032 2634 1154 2694 Sed
1196 2635 1448 2695 mutavit
1475 2634 1701 2693 animos
1728 2633 2030 2712 erexitque
2062 2629 2266 2691 Cineae
2296 2630 2539 2705 fiducia,
2567 2652 2704 2694 cum

807 2731 1192 2791 auxiliaribus
1213 2731 1399 2812 eopiis
1424 2732 1500 2790 ab
1529 2730 1714 2811 Epiro
1738 2729 2042 2789 venientis-
2125 2726 2407 2808 Namque
2434 2729 2707 2809 Pyrrhus

808 2828 1007 2905 ingens
1032 2829 1233 2898 animi,
1260 2838 1322 2889 et
1349 2828 1561 2905 Magni
1590 2825 1766 2886 modo
1807 2823 2144 2885 Alexandri
2174 2824 2542 2886 aemulatione
2568 2846 2702 2887 vas-

806 2923 1091 2983 tissimum
1130 2923 1437 3004 imperium
1477 2943 1582 3002 spe
1625 2920 1988 3002 complexus,
2015 2921 2157 3002 ipsis
2195 2921 2364 3000 quasi
2389 2920 2528 2981 fatis
2556 2923 2702 2981 invi-

804 3019 1085 3088 tantibus,
1113 3017 1191 3077 ad
1233 3017 1590 3099 perficienda
1627 3036 1764 3098 quoe
1799 3017 2146 3077 destinasset
2187 3016 2368 3097 pandi
2393 3018 2504 3077 sibi
2544 3018 2704 3078 viam

804 3114 1101 3174 credebat.
1185 3114 1612 3175 confirmatum
1638 3115 1818 3174 etiam
1844 3113 2067 3174 oraculi
2094 3112 2373 3193 Delphici
2398 3133 2542 3174 voce
2570 3134 2703 3174 nar-

810 3219 965 3281 rant,
991 3211 1249 3291 ambigui
1273 3211 1515 3292 quidem
1538 3230 1759 3280 sensus,
1784 3219 1848 3270 et
1874 3209 2152 3270 utramvis
2176 3211 2236 3270 in
2265 3219 2488 3291 partem
2511 3210 2708 3272 facilis

814 3306 996 3379 flecti,
1021 3306 1126 3368 sed
1150 3308 1310 3389 quod
1351 3310 1660 3389 interprete
1698 3306 2022 3387 eupiditate
2056 3326 2159 3367 rex
2188 3326 2292 3387 pro
2315 3316 2476 3379 certo
2515 3317 2578 3368 et
2614 3328 2705 3368 se-

814 3403 1008 3467 cundo
1048 3406 1373 3486 acceperit:
1431 3407 1651 3486 quippe
1691 3402 1767 3463 de
1807 3402 1951 3462 belli
1982 3401 2142 3483 quod
2165 3411 2531 3484 suseepturus
2551 3415 2707 3481 esset

808 3509 1022 3561 eventu
1046 3502 1371 3563 consulenti
1392 3501 1688 3563 redditum
1712 3518 2043 3580 responsum
2067 3498 2296 3563 ferunt:
2340 3507 2358 3536 ‘
2378 3520 2546 3580 posse
2570 3520 2708 3561 eum

810 3593 1116 3657 Romame
1161 3600 1432 3660 vincere!
1521 3597 1644 3658 Sed
1694 3596 1847 3677 plus,
1888 3597 2116 3677 opinor,
2159 3597 2482 3657 animorum
2520 3595 2709 3669 dabat

808 3691 1129 3763 Tarentina
1155 3694 1394 3776 legatio,
1418 3715 1554 3777 quae
1580 3714 1659 3755 ex
1690 3714 1798 3755 sua
1825 3693 2091 3763 civitate,
2120 3691 2508 3772 Lucanisque,
2539 3692 2704 3753 Mes-

807 3790 1007 3868 sapiis,
1022 3800 1086 3851 et
1103 3791 1484 3864 Samnitibus,
1510 3792 1834 3871 eeterisque
1861 3789 2120 3871 populis,
2130 3789 2232 3869 qui
2256 3787 2464 3849 eodem
2489 3787 2705 3849 foedere

807 3893 1159 3957 tenerentur,
1186 3886 1361 3948 facile
1386 3888 1594 3967 viginti
1620 3886 1809 3949 millia
1829 3887 2115 3966 equitum,
2131 3894 2392 3946 trecenta
2415 3886 2704 3965 quinqua-

808 3984 974 4061 ginta
998 3986 1261 4066 peditum
1284 3987 1571 4051 eonseribi
1597 4005 1766 4067 posse
1791 3982 2087 4045 attulerat.
2171 3982 2296 4043 His
2320 3983 2495 4062 igitur
2518 3985 2707 4064 eopiis

807 4081 857 4139 si
901 4079 1207 4143 Romanos
1247 4085 1304 4144 in
1344 4082 1607 4143 ordinem
1649 4082 1986 4162 redegisset,
2027 4079 2186 4140 haud
2217 4099 2429 4159 magno
2471 4082 2705 4160 negotio

808 4185 1018 4238 oeterae
1044 4177 1243 4240 Italiae
1264 4179 1797 4243 dominationemse
1822 4176 2169 4259 adepturum
2191 4176 2485 4258 sperabat.
2547 4176 2701 4238 Inde
