3025 4892
907 368 1116 419 mum
1168 361 1299 419 xv.
1345 369 1989 425 surranum-trun.
2378 359 2553 427 1497

317 520 433 572 est.
519 507 689 572 Nam
728 510 943 593 quibus
981 511 1236 574 studium
1278 523 1407 577 erat
1457 531 1562 597 per
1611 514 1853 595 injurias
1901 516 2223 580 vicinorum

318 609 651 680 crescendi,
676 610 795 669 suis
835 607 1091 670 consiliis
1131 611 1611 693 impedimentum
1636 634 1676 674 a
1702 611 1980 676 Romano
2006 627 2225 677 metue-

323 707 495 777 bant,
522 706 656 766 aliis
678 726 758 766 ex
771 706 1001 768 diverso
1017 707 1349 789 praesidium
1363 708 1518 770 istud
1536 709 1811 771 adversm
1826 711 2227 793 impotentiam

321 802 812 877 adversariorum,
829 813 1112 885 tanquam
1135 804 1416 867 divinitus
1429 807 1716 880 oblatum,
1734 808 2225 889 amplexantibus.

326 898 525 960 Primi
551 900 811 960 omnium
836 900 1246 982 Apolloniatae
1259 905 1448 964 missis
1471 902 1733 965 Romam
1762 904 1969 985 legatis
1993 908 2051 966 in
2078 910 2228 970 ami-

321 996 530 1057 citiam
557 997 739 1077 recipi
764 999 1078 1078 petierunt.
1147 998 1311 1060 Urbs
1336 999 1439 1062 illa
1464 1001 1774 1080 sexaginta
1795 1002 2000 1063 stadiis
2025 1024 2064 1064 a
2079 1006 2225 1065 mari
2283 1006 2469 1064 Strabo
2494 1010 2528 1059 1

320 1093 573 1166 recedit,
601 1113 638 1152 a
665 1094 985 1156 Corinthiis
1007 1103 1071 1156 et
1095 1095 1425 1179 Corcyraeis
1447 1096 1710 1168 condita,
1735 1088 2280 1183 commodumque
2245 1145 2296 1186 et
2288 1089 2434 1189 ¹322·
2409 1077 2549 1124 '⁹⁹¹⁶’

323 1199 560 1271 portum
584 1191 786 1264 habet,
808 1211 929 1272 qua
941 1193 1244 1274 proximus
1269 1195 1328 1253 in
1357 1193 1655 1255 Graeciam
1681 1214 1719 1255 a
1748 1194 2081 1258 Brundusio
2106 1208 2222 1259 tra-

311 1289 519 1365 jectus
544 1296 653 1348 est.
695 1287 963 1370 Illyricae
991 1288 1516 1371 Macedoniaeque
1528 1292 1749 1352 circum
1767 1301 1969 1371 gentes
1985 1293 2223 1357 colunt:

323 1384 503 1462 igitur
528 1385 679 1445 inter
703 1394 977 1466 potentes
998 1395 1063 1448 et
1086 1386 1332 1468 cupidos
1357 1387 1691 1448 libertatem
1731 1408 1896 1449 suam
1921 1409 2073 1470 aegre
2095 1401 2224 1453 tue-

321 1482 521 1541 batur.
591 1480 700 1541 Ab
723 1492 930 1543 senatu
954 1503 1070 1544 non
1095 1493 1220 1558 tarn
1244 1485 1501 1546 civitatis
1524 1486 1653 1565 ejus
1675 1505 1837 1566 opes,
1863 1505 1998 1567 quae
2024 1499 2227 1549 tenues

321 1586 516 1652 erant,
545 1598 722 1658 quam
746 1599 912 1660 spem
936 1579 1116 1640 futuri
1130 1590 1195 1642 et
1218 1591 1480 1662 apertam
1507 1580 1586 1642 ad
1609 1584 1837 1662 majora
1861 1584 2225 1646 occasionem

322 1683 657 1757 reputante,
702 1696 985 1757 perquam
1027 1677 1355 1739 humaniter
1401 1688 1649 1760 accepta
1689 1689 1780 1740 est
1812 1678 2064 1759 legatio:
2107 1703 2282 1765 quox

323 1773 559 1852 gravior
601 1792 742 1834 mox
786 1773 1050 1835 vindicta
1086 1774 1202 1836 fuit
1244 1777 1304 1836 in
1350 1775 1638 1857 quosdam
1692 1776 1912 1854 ordinis
1948 1780 2223 1840 senatorii
2249 1783 2396 1833 Dion
2367 1799 2445 1849 a.p
2449 1783 2550 1833 Va-

311 1871 590 1948 juvenes,
619 1869 722 1950 qui
745 1869 973 1950 legatos
995 1880 1128 1933 orta
1148 1873 1523 1934 contentione
1547 1873 1940 1954 pulsaverant.
2247 1849 2345 1962 ¹2⁰¹„
2347 1928 2419 1962 u-

406 1973 508 2027 13.
553 1966 637 2034 Q.
663 1968 817 2027 enim
845 1966 1100 2029 Fabium
1123 1989 1312 2050 neque
1337 1970 1709 2049 magian-atu·
1733 1969 2011 2050 dignitas,
2037 1970 2224 2032 aedili-
2252 1978 2329 2095 VX
2331 1978 2398 2092 ⁸4¹5.
2414 1977 2550 2093 ἕω.

2281 1652 2386 1705 nv.
2421 1654 2522 1718 pr

320 2071 507 2125 tatem
543 2064 697 2124 enim
738 2066 1003 2144 gerebat,
1046 2086 1237 2147 neque
1277 2068 1506 2146 generis
1547 2066 1874 2148 amplitudo
1898 2076 2091 2129 tutata
2115 2079 2224 2143 est,

321 2162 468 2241 quin
512 2158 1000 2242 Apolloniatibus
1038 2163 1118 2225 ob
1143 2182 1276 2248 eam
1301 2184 1523 2225 noxam
1559 2163 1887 2225 dederetur.
1976 2163 2231 2226 Deditus

323 2267 415 2317 est
439 2258 623 2318 etiam
653 2257 771 2320 Cn.
801 2258 1108 2341 Apronius
1139 2259 1344 2321 itidem
1387 2260 1596 2331 aedilis,
1638 2260 2016 2342 ejusdemque
2038 2259 2231 2343 culpae

322 2374 472 2417 reus.
518 2353 662 2415 Hos
686 2355 862 2435 igitur
887 2377 991 2438 per
1014 2356 1255 2418 feciales
1279 2357 1492 2437 legatis
1507 2356 2026 2439 Apolloniatarum
2051 2356 2229 2429 tradi,

321 2461 790 2534 quaestoremque
813 2471 950 2515 cum
965 2454 1056 2515 his
1071 2453 1467 2515 Brundusium
1494 2456 1600 2527 ire,
1630 2462 1867 2514 senatus
1888 2454 2137 2526 censuit,
2157 2473 2229 2514 ne

322 2548 465 2627 qnid
494 2549 556 2609 in
582 2550 789 2612 itinere
817 2548 1026 2629 legatis
1050 2570 1089 2612 a
1112 2549 1442 2612 deditorum
1457 2552 1798 2634 propinquis
1822 2550 2098 2611 amicisve
2126 2569 2228 2609 no-

321 2656 571 2708 ceretur.
660 2647 952 2728 Magnum
994 2667 1136 2708 sane
1177 2647 1318 2709 fidei
1362 2648 1620 2731 publicae
1663 2646 2101 2715 documentum,
2126 2644 2232 2705 sed

319 2762 434 2803 non
461 2742 703 2803 inferius
726 2744 1090 2825 prudentiae.
1077 2765 1090 2780 ·
1133 2764 1270 2807 cum
1295 2747 1451 2806 enim
1477 2745 1752 2825 opinione
1766 2743 2017 2825 justitioe
2040 2741 2230 2801 natio-

320 2858 459 2899 num
485 2849 825 2902 exterarum
862 2841 1089 2903 animos
1115 2840 1194 2902 ad
1218 2843 1537 2903 amicitiam
1563 2860 1731 2902 suam
1758 2840 2069 2902 attrahere
2077 2837 2234 2898 desi-

317 2935 617 3008 derarent,
662 2957 1018 3020 magnopere
1061 2938 1359 3012 intererat,
1403 2939 1646 3019 injurias
1680 2958 1904 3009 eorum,
1931 2937 2034 3017 qui
2060 2934 2230 3017 primi

319 3033 395 3093 ad
431 3036 782 3096 societatem
812 3034 1183 3147 jungendam
1221 3036 1538 3108 venissent,
1578 3056 1760 3118 quam
1798 3032 2231 3096 accuratissime

317 3129 647 3192 vindicari·
691 3151 881 3212 neque
904 3131 1062 3192 euim
1086 3132 1403 3244 quicquam
1426 3132 1732 3194 destinatis
1745 3152 1944 3194 eorum
1967 3140 2092 3192 tam
2119 3128 2232 3188 ini-2

318 3228 536 3288 micum
588 3226 721 3288 fieri
772 3230 1076 3309 potuisset,
1123 3249 1304 3310 quam
1345 3231 1395 3290 si
1435 3232 1806 3291 commissum
1849 3238 2023 3300 esset,
2068 3239 2133 3290 ut
2171 3239 2232 3291 et

320 3323 748 3406 Apolloniatas
770 3323 915 3386 facti
939 3326 1053 3399 sui,
1079 3335 1144 3387 et
1184 3326 1331 3387 alios
1371 3325 1631 3409 exempli
1667 3327 2007 3408 poeuiteret.
2049 3334 2230 3406 atque

318 3421 395 3480 ab
415 3422 535 3481 hac
559 3420 815 3483 utilitate
841 3430 1161 3504 receptum,
1177 3432 1628 3534 constanterque
1647 3423 1863 3484 secutis
1878 3422 2057 3483 etiam
2078 3432 2227 3484 tem·
2285 3437 2524 3489 1..1·1.ff.

317 3518 564 3598 poribus
588 3526 881 3579 servatum
908 3527 1020 3591 est,
1047 3527 1114 3579 ut
1138 3520 1240 3599 qui
1266 3518 1491 3599 legatos
1524 3520 1782 3581 civitatis
1808 3520 2007 3581 liberae
2032 3520 2227 3602 pulsa·
2252 3503 2385 3619 gbk.
2382 3503 2560 3618 Βῗίῖέοξζ

320 3616 560 3688 vissent,
575 3615 645 3675 iis
649 3636 926 3697 ,quorum
943 3624 1111 3678 erant
1125 3616 1329 3696 legati,
1341 3615 1713 3678 dederentur.
1743 3616 2022 3679 Ceterum
2033 3617 2228 3698 Apol·
2254 3634 2353 3682 Ζοιι
2323 3649 2422 3684 nm

321 3710 587 3782 loniatae,
598 3711 855 3774 deditis
840 3732 899 3773 m
915 3733 1086 3775 suum
1101 3713 1383 3795 oppidum
1400 3713 1691 3787 adductis,
1706 3714 1842 3797 plus
1858 3735 1921 3775 se
1937 3711 2233 3775 commodi

322 3828 398 3869 ex
424 3809 793 3871 humanitate
832 3829 1013 3891 quam
1052 3830 1130 3872 ex
1171 3809 1437 3872 vindicta
1478 3820 1894 3874 consecuturos
1918 3811 2233 3893 prudenter

326 3905 617 3979 arbitrati,
659 3906 899 3968 domum
943 3906 1267 3969 incolumes
1314 3908 1676 3970 remiserunt.
1760 3907 1908 3969 Hoc
1952 3928 2105 3970 anno
2153 3912 2231 3970 ab
2260 3913 2388 3964 Fufi
2398 3911 2558 3976 Capit.

329 4010 574 4083 utroque
598 4003 840 4064 consule
864 4004 989 4064 bini
1012 4012 1149 4065 sunt
1172 4005 1452 4087 triumphi
1473 4005 1660 4066 ducti.
1746 4005 1829 4065 D.
1856 4002 1897 4065 J
1901 4006 2067 4067 unius
2093 4017 2229 4067 ante

333 4097 484 4158 diem
509 4100 784 4181 quintum
813 4098 958 4162 Kal.
982 4101 1298 4174 Octobres,
1318 4100 1643 4162 Numerius
1670 4102 1891 4163 Fabius
1917 4112 2053 4163 ante
2074 4104 2231 4163 diem

336 4196 561 4256 tertium
590 4195 807 4257 Nonas
830 4196 1095 4278 ejusdem
1112 4199 1327 4260 mensis
1349 4197 1425 4258 de
1448 4197 1844 4259 Sarsinatibus
1873 4199 2231 4260 Umbrorum

458 4308 706 4374 Βάρκα
733 4310 1007 4364 Ver-‚Clau
1345 4312 1534 4363 Livius.
2314 4317 2343 4362 5
2377 4310 2428 4363 G
