3025 4892
510 337 681 409 1428
1496 359 1569 407 τ.
1614 357 1805 407 mvn

831 517 937 568 est.
984 506 1257 587 Denique
1273 508 1405 585 jam
1431 507 1488 565 in
1517 526 1658 586 agro
1680 506 1998 566 Tarentino
2026 505 2305 567 Romana
2327 514 2520 567 castra
2543 516 2716 567 sunt:

830 614 893 665 et
918 625 1022 665 nos
1047 603 1241 666 adhuc
1268 604 1471 663 incerti
1488 604 1766 674 omnium,
1783 604 2004 663 bellum
2024 603 2388 664 formidabile
2407 623 2484 664 an
2511 623 2716 685 pacem

829 702 1160 762 indecoram
1189 700 1370 761 satius
1393 700 1470 760 sit
1493 700 1705 781 accipi,
1733 699 2142 761 deliberamus.

909 804 1010 858 13.
1054 807 1071 834 ⁸
1094 797 1302 878 Atque
1334 797 1559 857 utinam
1604 817 1756 857 nunc
1799 797 2034 857 demum
2074 798 2245 859 obliti
2278 797 2717 869 blanditiarum,

826 895 995 955 obliti
1030 895 1383 975 privatorum
1417 893 1875 965 commodorum,
1915 894 2257 974 dignitatem
2290 896 2716 976 utilitatemque

826 991 1126 1072 publicam
1166 1000 1497 1073 spectantes
1542 992 1601 1051 in
1645 1008 1953 1051 commune
1996 991 2456 1052 consuleremus!
2545 992 2720 1052 Esset

827 1088 981 1148 unde
1006 1089 1102 1149 vel
1130 1088 1349 1150 foedera
1375 1089 1636 1158 honeste,
1653 1087 1748 1146 vel
1769 1107 1931 1147 arma
1957 1096 2085 1148 tuto
2108 1097 2486 1149 sumerentur.
2532 1087 2600 1148 N
2603 1109 2716 1151 unc

827 1185 885 1243 in
914 1184 1062 1245 duas
1093 1205 1198 1246 vos
1224 1186 1385 1246 abire
1418 1194 1634 1266 partes,
1663 1192 1725 1245 et
1760 1184 2178 1265 propemodum
2207 1184 2495 1246 factiones
2520 1186 2715 1257 video,

828 1300 942 1341 non
959 1276 1224 1361 judiciis,
1253 1292 1357 1343 aut
1379 1302 1455 1343 ex
1482 1282 1814 1341 conditione
1845 1301 2035 1341 rerum
2071 1292 2261 1342 sumto
2284 1283 2571 1352 consili03
2613 1282 2716 1344 sed

825 1377 944 1436 suis
966 1380 1213 1459 quisque
1238 1380 1431 1440 causis
1458 1379 1708 1439 ducitur.
1793 1377 1919 1438 Cur
1956 1378 2111 1439 enim
2153 1388 2275 1439 tam
2305 1399 2525 1460 paucos
2537 1383 2717 1460 juve-

827 1493 930 1533 nes
972 1485 1034 1535 et
1072 1496 1359 1557 pauperes
1400 1476 1462 1536 in
1501 1495 1578 1537 ea
1606 1476 1898 1536 sententia
1927 1495 2052 1536 esse
2092 1475 2290 1544 video,
2333 1496 2468 1556 quae
2507 1496 2714 1557 pacem

828 1569 1081 1632 laudat?
1122 1583 1226 1633 aut
1263 1593 1369 1634 cur
1407 1573 1625 1633 nemini
1667 1573 1787 1633 fere
1817 1572 2066 1634 divitum
2091 1581 2155 1633 et
2177 1574 2468 1634 seniorum
2494 1572 2716 1635 bellum

498 1664 667 1713 2⁰⁰²?-
830 1666 1071 1748 placet?
1152 1666 1259 1731 A‘n
1286 1670 1408 1730 alia
1431 1680 1556 1731 tam
1583 1669 1887 1751 aequaliter
1910 1669 2112 1730 divisae
2137 1670 2395 1730 civitatis
2405 1691 2586 1732 causa
2603 1681 2714 1743 est,

825 1784 1004 1844 quam
1058 1767 1218 1847 quod
1268 1768 1328 1827 hi
1379 1768 1553 1828 rebus
1602 1768 1819 1848 quietis
1865 1766 2082 1828 foenore
2132 1788 2237 1827 suo
2289 1770 2557 1849 agrisque
2601 1769 2716 1829 frui

824 1861 1064 1934 volunt3
1110 1864 1224 1936 illi,
1266 1865 1315 1925 si
1354 1865 1578 1925 bellum
1620 1863 1939 1925 conflatum
1973 1863 2071 1935 sit,
2114 1865 2175 1924 in
2204 1866 2478 1946 imperiis,
2507 1875 2613 1926 aut
2635 1886 2713 1926 ex

826 1955 1071 2022 licentia
1114 1961 1326 2042 praedae
1369 1960 1782 2042 compendium
1823 1961 2096 2041 sperant?
2177 1961 2380 2023 Etiam
2419 1961 2562 2022 olim
2603 1964 2718 2024 hoc

496 2048 703 2102 Diodor.
828 2058 1031 2119 morbo
1055 2058 1408 2131 laboramus,
1436 2078 1625 2138 neque
1651 2078 1688 2117 a
1728 2057 1905 2136 longo
1935 2058 2068 2137 jam
2101 2067 2362 2140 tempore
2386 2060 2719 2140 respublica

823 2165 1020 2217 nostra
1058 2156 1391 2217 hominibus
1432 2155 1642 2226 caruit,
1668 2155 1771 2234 qui
1811 2154 2163 2216 domesticas
2190 2175 2333 2236 opes
2357 2176 2572 2235 augere
2591 2167 2714 2218 stu-

821 2256 1046 2326 derent,
1073 2255 1256 2314 etiam
1279 2273 1414 2313 cum
1441 2250 1701 2332 periculo
1725 2259 1788 2311 et
1812 2250 2164 2313 detrimento
2193 2253 2471 2313 civitatis.

900 2358 1001 2415 14.
1060 2360 1078 2387 ‘
1103 2351 1338 2417 Quibus
1388 2349 1659 2410 omuibus
1706 2368 2006 2411 occurrere
2058 2349 2322 2430 poteritis
2374 2350 2712 2422 rectissime,

820 2447 1160 2527 (dicendum
1186 2449 1344 2508 enim
1369 2455 1459 2507 est
1484 2446 1642 2527 quod
1680 2466 1757 2506 ex
1791 2446 2172 2527 praesentibus
2196 2445 2565 2507 utilissimum
2589 2469 2713 2509 esse

816 2548 1081 2624 cense0,)
1098 2545 1147 2605 si
1157 2565 1349 2627 neque
1367 2563 1577 2626 pacem
1587 2543 1796 2603 ematis
1810 2563 1884 2603 ea
1899 2541 2299 2603 conditionum
2313 2544 2714 2626 vilitate‚quae

806 2645 951 2723 jura
992 2642 1193 2703 liberae
1239 2643 1497 2703 civitatis
1532 2643 1781 2711 minuat,
1823 2660 2010 2720 neque
2049 2649 2270 2700 vestras
2309 2641 2714 2703 tantummodo

819 2740 973 2799 vires
1025 2740 1168 2800 belli
1211 2749 1334 2801 tam
1385 2738 1638 2798 difficilis
1681 2737 1991 2797 terroribus
2034 2738 2363 2817 opponatis.
2448 2737 2624 2820 Saepe
2676 2760 2715 2800 a

489 2853 702 2920 Amyn,
824 2836 1143 2915 majoribus
1165 2837 1466 2916 copiarum
1491 2843 1810 2894 nostrarum
1848 2834 2153 2913 imperium
2186 2835 2442 2895 externis
2465 2834 2715 2897 ducibus

821 2932 1192 2992 commissum
1242 2940 1351 2991 est.
1435 2929 1887 3001 Archidamum,
1941 2929 2212 3009 Agesilai
2264 2929 2471 3002 filium,
2509 2943 2712 3013 postea

492 3027 1239 3109 strabo„1v1.cle0nymum,
1275 3047 1413 3088 mox
1460 3026 1883 3106 Agathoclem,
1912 3025 2327 3109 Peloponneso
2371 3037 2477 3089 aut
2503 3028 2714 3091 Sicilia

487 3113 538 3162 Ρ·
561 3104 679 3149 ²⁸⁰
819 3126 1211 3185 evocavimus.
1296 3124 1593 3184 Memoria
1657 3132 1875 3195 nostra,
1927 3144 2060 3184 cum
2111 3124 2485 3186 finitimorum
2538 3129 2714 3189 armis

540 3232 645 3282 Liv.
680 3250 735 3283 v1
739 3249 803 3282 11.
822 3223 1245 3293 infestaremnr‚
1273 3219 1689 3282 Alexandrum
1734 3221 2081 3302 Epirensem
2105 3230 2300 3303 patres
2334 3225 2512 3285 nostri
2554 3227 2711 3287 acci-

492 3300 579 3348 m·
818 3329 1045 3381 verunt.
1129 3319 1224 3379 Eo
1265 3318 1510 3379 consilio
1547 3339 1664 3380 non
1704 3317 1893 3378 solum
1933 3318 2043 3399 ipsi
2073 3320 2397 3381 commodis
2421 3322 2593 3383 rebus
2618 3326 2710 3385 nsi

815 3426 971 3489 sunt,
997 3415 1102 3476 sed
1141 3416 1321 3476 etiam
1362 3416 1534 3476 nobis
1576 3414 1849 3475 florentes
1891 3414 2266 3495 reliquerunt.
2350 3417 2463 3478 Est
2502 3421 2708 3483 eadem

815 3512 989 3573 hodie
1020 3514 1170 3573 inter
1203 3533 1309 3573 nos
1337 3520 1399 3572 et
1424 3512 1701 3594 Epirotas
1735 3512 2029 3573 amicitia:
2073 3533 2261 3593 neque
2285 3513 2376 3574 illi
2400 3516 2574 3577 hodie
2599 3539 2707 3579 ex-

813 3610 998 3670 ercitu
1013 3630 1085 3670 ac
1101 3609 1250 3670 duce
1269 3611 1460 3670 minus
1475 3609 1695 3669 valent.
1763 3609 1850 3670 Et
1863 3628 2068 3671 recens
2081 3609 2431 3671 beneficium
2447 3623 2707 3676 nostrum

521 3727 729 3778 Pam,
755 3728 790 3777 ι,
815 3706 1086 3788 Pyrrhus
1108 3707 1310 3778 habet,
1329 3727 1507 3788 quem
1525 3705 1871 3788 Corcyraeos
1885 3716 2323 3788 oppugnantem
2328 3710 2496 3788 justa
2517 3713 2708 3775 classe

492 3806 535 3844 ¹·
800 3804 1085 3885 juvimus.
1170 3804 1332 3884 Ergo
1356 3824 1472 3864 non
1500 3823 1694 3864 meum
1720 3804 1854 3875 hoc,
1872 3802 2000 3873 sed,
2016 3805 2115 3884 qui
2143 3813 2280 3867 ante
2306 3826 2410 3867 nos
2433 3812 2706 3891 rempub·

809 3901 988 3962 licam
1011 3901 1165 3962 hanc
1182 3900 1517 3962 felicissime
1534 3909 1829 3971 rexerunt,
1846 3901 2144 3961 hominum
2159 3904 2706 3984 sapientissimorum

808 3997 1116 4058 eonsilium
1147 4019 1272 4058 esse
1312 3998 1745 4059 existimatote:
1788 3997 1946 4078 quod
1972 3998 2067 4059 vel
2093 3999 2227 4059 ideo
2258 4002 2422 4082 sequi
2455 4002 2706 4075 debetis,

810 4093 953 4175 quia
994 4095 1054 4154 in
1092 4096 1280 4176 priore
1321 4093 1596 4175 exemplo
1637 4084 1808 4175 quisi
1849 4104 2036 4157 totam
2076 4097 2204 4175 ejus
2243 4099 2529 4159 rationem
2569 4120 2704 4163 cum

810 4200 1024 4253 eventu
1052 4192 1177 4273 ipso
1203 4192 1523 4274 perspicere
1550 4192 1810 4273 potestis.
