3025 4892
1029 343 1175 394 mn.
1222 342 1447 396 xxiv,
1490 344 1659 395 car.
1699 327 1812 396 29.
2345 330 2520 399 2037

322 490 793 579 Hippocrates
820 490 996 558 enim
1024 490 1309 558 finitima
1341 489 1708 578 provinciae
1738 488 2071 557 Romanae
2088 497 2111 526 ‘
2138 489 2356 575 primo
2384 491 2523 557 fur·-

320 598 484 662 tivis
511 594 1025 662 excursionibus
1052 604 1325 661 vastare
1354 595 1605 679 coepit:
1642 593 1908 673 deinde,
1932 612 2088 660 cnm
2117 593 2206 660 ad
2234 592 2524 660 tuendos

321 699 664 763 sociorum
695 714 893 781 agros
920 698 1204 764 missum
1234 698 1322 763 ab
1355 697 1591 782 Appio
1637 696 2031 782 praesidium
2071 705 2277 777 esset,
2308 698 2525 763 omni·

320 800 449 865 bus
501 801 724 885 copiis
769 801 1094 886 impetum
1135 801 1208 866 in
1265 802 1649 887 oppositam
1717 800 2080 866 stationem
2131 820 2281 867 cum
2337 800 2527 867 caede

322 902 696 969 multorum'
715 903 896 969 fecit.
987 904 1167 985 Quae
1195 923 1348 970 cum
1377 908 1600 969 essent
1627 902 1928 968 nuntiata
1959 902 2312 982 Marcello,
2339 902 2524 988 lega-

322 1011 433 1071 tos
462 1007 806 1091 extemplo
833 1007 1210 1092 Syracusas
1236 1007 1448 1085 misit,
1477 1008 1599 1092 qni
1625 1006 1819 1091 pacis
1846 1005 2052 1072 fidem
2078 1013 2344 1089 ruptam
2371 1022 2525 1071 esse

325 1106 663 1174 dicerent:
708 1128 833 1175 nec
876 1108 1041 1174 belli
1082 1108 1467 1174 defuturam
1510 1127 1809 1194 unquam
1853 1126 2156 1186 causam,
2184 1108 2316 1172 nisi
2348 1108 2530 1193 Hip·

325 1216 640 1294 pocrates
678 1217 880 1297 atque
909 1211 1250 1297 Epicydes
1287 1231 1419 1278 non
1460 1213 1549 1278 ab
1597 1212 1950 1297 Syracusis
1979 1209 2201 1290 modo,
2231 1210 2351 1276 sed
2383 1217 2531 1277 tota

324 1313 562 1397 procul
593 1315 854 1395 Sicilia,
885 1317 1364 1400 ablegarentur.
1452 1314 1815 1401 Epicydes,
1842 1336 1925 1381 ne
1960 1321 2080 1382 aot
2110 1332 2266 1380 reus
2313 1315 2529 1381 crimi-

325 1415 438 1481 nis
478 1417 781 1483 absentis
833 1417 1062 1484 fratris
1121 1437 1426 1503 praesens
1464 1425 1661 1496 esset,
1704 1422 1823 1483 aut
1859 1417 2130 1483 deesset
2171 1436 2297 1501 pro
2337 1425 2531 1501 parte

328 1532 459 1584 sua
495 1520 899 1586 concitando
940 1521 1145 1601 bello,
1179 1521 1532 1606 profectus
1561 1525 1630 1586 et
1662 1519 1814 1605 ipse
1848 1522 1921 1586 in
1951 1518 2342 1600 Leontinos,
2371 1519 2534 1605 quia

327 1622 496 1687 satis
545 1642 663 1688 eos
710 1623 1034 1689 adversus
1072 1623 1400 1709 populum
1445 1622 1832 1689 Romanum
1881 1621 2261 1689 concitatos
2301 1640 2531 1689 cerne·

325 1725 472 1804 bat,
520 1731 818 1792 avertere
864 1726 1067 1790 etiam
1120 1727 1207 1791 ab
1256 1726 1616 1811 Syracusis
1661 1726 1901 1810 coepit.
1990 1729 2013 1760 ‘
2045 1723 2228 1791 Nam
2271 1725 2369 1792 ita
2410 1746 2534 1792 eos

326 1846 572 1911 pacem
610 1829 953 1914 pepigisse
987 1848 1141 1894 cum
1174 1828 1529 1908 Romanis,
1559 1834 1657 1907 ut,
1695 1828 2107 1914 quicumque
2137 1829 2377 1913 populi
2407 1830 2534 1895 sub

328 1930 595 2014 regibus
622 1931 931 2010 fuissent,
962 1939 1032 1996 et
1069 1949 1214 1996 suae
1256 1929 1532 1996 ditionis
1559 1931 1864 2013 essent3⁸
1893 1950 2015 1996 nec
2051 1930 2194 2016 jam
2219 1932 2535 1998 libertate

330 2039 684 2099 contentos
713 2052 888 2112 esse,
911 2032 1041 2099 nisi
1063 2032 1270 2099 etiam
1292 2038 1568 2116 regnent
1586 2038 1613 2069 ²
1642 2051 1725 2098 ac
1743 2032 2191 2099 dominentur.
2258 2032 2534 2099 Renun-

330 2134 633 2201 tiandum
673 2137 879 2220 igitur
906 2135 1007 2202 eis
1037 2155 1218 2215 esse,
1244 2135 1625 2201 Leontinos
1653 2154 1924 2221 quoque
1962 2154 2232 2221 aequum
2262 2155 2538 2203 censere

328 2236 581 2304 liberos
602 2259 753 2305 esse
770 2260 790 2322 ;
807 2253 831 2281 ⁰
855 2241 961 2306 vel
982 2240 1165 2325 quod
1193 2239 1261 2304 in
1289 2239 1441 2305 solo
1467 2240 1652 2305 urbis
1680 2259 1826 2307 suae
1850 2246 2175 2325 tyrannus
2198 2238 2540 2318 ceciderit,

329 2339 443 2406 vel
474 2341 782 2425 quodibi
824 2343 1108 2426 primum
1145 2340 1648 2408 conclamatum
1693 2341 1779 2407 ad
1816 2342 2216 2419 libertatem,
2253 2342 2541 2408 relictis·

333 2460 472 2525 que
520 2442 717 2527 regiis
761 2443 1049 2509 ducibus
1079 2442 1464 2528 Syracusas
1492 2444 1587 2510 sit
1627 2463 2050 2510 concursum.
2137 2445 2383 2531 Itaque
2423 2452 2544 2511 aut

331 2544 759 2611 eximendum
787 2545 858 2611 id
889 2545 973 2611 de
1005 2546 1257 2612 foedere
1288 2565 1471 2624 esse,
1499 2554 1623 2612 aut
1662 2545 1884 2629 legem
1923 2566 2072 2613 eam
2101 2546 2380 2614 foederis
2408 2566 2541 2613 non

333 2645 848 2730 accipiendam.’
937 2646 1174 2714 Facile
1225 2647 1639 2714 multitudini
1689 2667 2119 2733 persuasum:
2165 2651 2541 2737 legatisque

336 2749 947 2834 Syracusanorum,
970 2755 1036 2816 et
1067 2750 1153 2817 de
1186 2750 1371 2816 caede
1399 2750 1716 2816 stationis
1736 2750 2063 2819 Romanae
2088 2755 2543 2839 querentibuS,

335 2859 406 2916 et
441 2852 930 2938 Hippocratem
960 2859 1163 2938 atque
1184 2851 1553 2939 Epicydem
1584 2850 1772 2918 abire
1804 2872 1922 2918 seu
1950 2853 2232 2935 LocroS,
2254 2849 2374 2921 seu
2407 2875 2545 2942 quo

338 2952 478 3021 alio
507 2956 800 3034 mallent,
833 2956 1200 3023 dnmmodo
1230 2955 1470 3021 Sicilia
1497 2955 1831 3035 cederent,
1865 2955 2286 3041 jubentibus,
2312 2957 2545 3024 feroci—

337 3064 443 3122 ter
492 3077 888 3145 responsum
934 3064 1080 3126 est:
1123 3064 1145 3094 ‘
1175 3056 1427 3144 Neque
1466 3058 1835 3125 mandasse
1880 3079 2033 3125 sese
2080 3060 2546 3146 Syracusanis,

337 3166 414 3227 ut
441 3179 677 3245 pacem
705 3182 827 3246 pro
859 3182 933 3229 se
963 3182 1118 3229 cnm
1149 3159 1489 3227 Romanis
1519 3160 1851 3229 facerent:
1896 3182 2112 3249 neque
2141 3162 2355 3229 teneri
2385 3162 2545 3228 alie-

338 3263 448 3328 nis
476 3262 882 3330 foederibus?
970 3264 1154 3331 Haec
1183 3263 1271 3330 ad
1303 3263 1659 3330 Romanos
1707 3264 2116 3350 Syracusani
2162 3265 2548 3343 detulerunt,

403 3460 426 3495 ⁵
461 3463 637 3514 Essent
659 3464 804 3515 etiam
819 3462 907 3516 nb
930 3464 1134 3530 imperio
1148 3464 1578 3529 Syracusanorum.

405 3535 428 3561 θ
461 3526 570 3578 Sibi
590 3542 778 3595 aquam
796 3530 951 3582 uideri
973 3537 1027 3583 st
1053 3531 1198 3581 etiam
1221 3529 1449 3580 Leontini
1469 3529 1565 3593 ipsi
1586 3526 1725 3579 liberi
1739 3528 1857 3579 sint.

342 3806 850 3936 Dgujfgnt‘mm
889 3808 1024 3862 Edd.
1058 3809 1127 3861 ab
1161 3811 1378 3863 Arcens.
1417 3809 1484 3861 ad
1524 3809 1872 3893 Gronov—2·
1891 3806 2087 3870 negant
2123 3804 2277 3856 Grut.
2321 3804 2552 3857 Gronov.

1333 3988 1550 4043 NOTAE

409 4105 430 4133 ¹
453 4080 687 4154 &initam
714 4103 974 4168 provincie
1002 4103 1411 4169 me11nca
1483 4116 1740 4161 sanorum,
1777 4102 1864 4169 qni
1904 4103 2103 4166 legatos
2138 4101 2206 4153 ad
2243 4101 2552 4154 Marcellum

340 4177 544 4228 scilicet
566 4178 779 4230 ditionis
800 4182 1042 4231 Romanae
1063 4180 1234 4231 vicina
1250 4182 1414 4232 Leon·
1487 4186 1751 4241 miserant,
1776 4183 1841 4234 de
1863 4181 2059 4233 foedere
2080 4189 2306 4233 acturos.

343 4252 499 4303 linis:
536 4253 697 4321 idque
727 4264 917 4310 contra
946 4265 1171 4311 mentem
1194 4260 1418 4325 Syracu·
