3025 4892
2328 353 2500 422 1948

310 512 578 598 prodita
605 512 1025 579 multitudine
1069 534 1111 579 a
1146 511 1584 600 principibus.
1671 514 2004 600 Rhegini‘¹
2041 516 2497 583 tantummodo

309 618 605 700 regionis
649 617 798 702 eJus
842 624 915 681 et
955 616 1024 681 in
1068 616 1204 683 fide
1250 637 1400 701 erga
1446 617 1821 698 Romanos,
1852 630 1919 684 et
1948 620 2314 704 potestatis
2346 639 2494 685 suae

310 720 397 785 ad
429 721 728 787 ultimum
773 729 1183 786 manserunt.
1263 721 1341 785 ln
1385 721 1692 787 Siciliam
1737 741 2008 807 quoque
2047 723 2276 788 eadem
2311 724 2499 787 incli-

307 824 496 888 natio
543 826 910 889 animorum
956 823 1293 908 pervenit:
1338 832 1405 888 et
1449 842 1535 887 ne
1581 823 1822 888 domus
1848 823 2123 908 quidem
2175 824 2496 891 Hieronis

308 932 459 1020 tota
494 927 583 992 ab
613 925 980 992 defectione
1008 925 1346 992 abstinuit.
1436 924 1751 1009 Namque
1782 924 1961 990 Gelo
1989 926 2319 992 maximus
2350 927 2500 994 stir-

305 1028 440 1111 pis,
471 1035 809 1095 contemta
838 1029 1038 1094 simul
1066 1035 1395 1096 senectute
1419 1028 1661 1113 patris,
1682 1028 1885 1095 simul
1907 1035 2062 1113 post
2082 1028 2496 1096 Cannensem

306 1130 566 1197 cladem
597 1131 908 1199 Romana
933 1135 1281 1211 societate,
1312 1133 1400 1199 ad
1431 1132 1688 1199 Poeuos
1718 1131 2001 1197 defecit:
2047 1133 2498 1217 movissetque

302 1234 376 1298 in
405 1234 640 1301 Sicilia
667 1255 798 1314 res,
826 1237 953 1301 nisi
997 1254 1180 1301 mors
1208 1234 1379 1301 adeo
1408 1245 1814 1320 opportuna,
1838 1241 1914 1298 ut
1940 1242 2196 1316 patrem
2226 1252 2496 1318 quoque

301 1339 693 1423 suspicione
723 1347 1124 1424 aspergeret,
1166 1345 1528 1405 armantem
1562 1358 1712 1403 eum
1752 1335 2239 1403 multitudinem
2269 1337 2493 1403 solici-

302 1446 696 1527 tantemque
723 1442 951 1507 socios
982 1443 1434 1508 absumsisset.
1524 1441 1702 1506 Haec
1731 1459 1815 1505 eo
1853 1458 2029 1505 anuo
2057 1440 2129 1503 iu
2160 1438 2388 1515 Italia,
2420 1439 2492 1503 in

300 1542 561 1622 Africa,
603 1544 675 1608 in
720 1543 978 1622 Sicilia,
1018 1545 1087 1609 in
1136 1544 1478 1629 Hispania
1506 1544 1696 1607 vario
1739 1549 1979 1607 eventu
2008 1547 2189 1606 acta.
2276 1539 2491 1606 Exitu

301 1649 457 1712 anni
488 1647 581 1728 Q.
632 1647 884 1713 Fabius
936 1647 1290 1714 Maximus
1336 1667 1379 1712 a
1425 1651 1666 1712 senatu
1716 1643 2112 1729 postulavit,
2148 1651 2226 1707 ut
2280 1642 2489 1708 aedem

298 1750 588 1817 Veneris
636 1751 966 1836 Erycinae,
1000 1770 1202 1835 quam
1234 1751 1530 1818 dictator
1558 1749 1877 1827 vovisset,
1904 1746 2210 1812 dedicare
2238 1746 2494 1812 liceret.

297 1852 588 1921 Senatus
646 1855 958 1934 decrevit,
1007 1862 1080 1921 ut
1135 1855 1246 1921 Ti.
1296 1854 1738 1939 Sempronius
1790 1851 2025 1918 consul
2073 1850 2491 1933 designatus,

298 1976 457 2023 cum
500 1957 810 2023 honorem
854 1956 1170 2038 inisset,¹⁶
1213 1956 1302 2023 ad
1350 1956 1682 2043 populum
1725 1956 1946 2034 ferret,
1977 1959 2050 2019 ut
2078 1951 2169 2032 Q.
2203 1953 2488 2019 Fabium

295 2059 721 2125 duumvirum
763 2081 917 2126 esse
954 2060 1303 2146 juberent‘
1347 2059 1531 2126 aedes
1590 2057 1980 2125 dedicandae
2028 2062 2311 2122 causa.¹⁷
2400 2055 2492 2120 Et

296 2159 400 2226 M.
447 2162 726 2230 AEmilio
767 2164 1052 2250 Lepido,
1085 2165 1200 2249 qui
1245 2163 1354 2230 bis
1400 2163 1638 2229 consul
1680 2180 2023 2246 augurque
2044 2166 2065 2195 ⁸
2099 2160 2338 2238 fuerat,
2369 2157 2490 2223 mii

1016 366 1164 418 mn.
1212 369 1448 420 xxm.
1497 370 1662 420 cn.
1703 352 1814 421 30.

1196 2345 1563 2368 OOWOOOON

282 2483 545 2545 pera-15
588 2478 790 2530 Ventura
810 2479 944 2532 Edd.
967 2488 1022 2529 et
1045 2480 1173 2530 Mu.
1198 2479 1466 2543 plerique:
1499 2493 1646 2528 ma
1665 2493 1732 2529 ex
1754 2474 1959 2527 emend.
1991 2475 2187 2540 Sigouii
2222 2475 2376 2526 Grut.
2399 2475 2490 2525 au.

287 2550 425 2596 —16
456 2547 474 2573 ⁴
494 2546 615 2595 Cam
636 2545 855 2596 lamma
872 2546 1041 2595 inisset
1061 2551 1111 2595 5.
1134 2545 1265 2595 Mss.
1322 2545 1428 2594 Pro
1450 2545 1667 2594 honorem
1693 2543 1927 2607 plerique
1950 2542 2079 2591 Mas.
2104 2549 2161 2591 et
2185 2540 2320 2591 Edd.
2356 2547 2490 2590 antt.

286 2610 447 2675 ibono,
472 2611 555 2660 vel
576 2610 711 2660 ibone
731 2618 781 2659 et
804 2611 855 2658 ia
879 2610 1023 2661 bono.-
1057 2609 1192 2660 Edd.
1221 2618 1444 2661 recentt.
1472 2609 1679 2674 primm
1701 2610 1985 2671 magistrum
2007 2608 2085 2656 vel
2109 2607 2326 2656 haeret
2345 2622 2361 2655 .·
2394 2604 2488 2655 sed

289 2690 394 2726 vox
424 2675 634 2740 primun
665 2678 718 2726 in
741 2676 882 2726 nullo
905 2676 1008 2726 Ms.
1030 2672 1214 2726 extat.’
1246 2676 1582 2738 Rupere—1⁷
1624 2674 1691 2725 Ue
1711 2673 1984 2723 dumam
2002 2687 2103 2723 esse
2118 2672 2345 2733 juberent
2364 2686 2411 2722 ιι.
2433 2673 2487 2721 d.

1278 2841 1327 2893 N
1334 2838 1501 2891 0⁹1·AE

352 2966 378 3001 ⁸
404 2957 641 3023 meg-ini]
672 2957 924 3021 Rhegium
946 2955 1129 3007 eodem
1154 2963 1349 3020 tractu,

285 3036 381 3087 sed
406 3036 482 3086 cis
517 3034 864 3100 Apenninum,
894 3035 945 3084 iu
978 3041 1215 3084 extremo
1237 3033 1347 3084 Ita-

282 3115 370 3164 lia
393 3128 459 3163 ea
480 3122 630 3179 parte
654 3127 812 3163 cornu
830 3128 859 3175 ς
893 3112 1194 3164 Graecorum
1220 3125 1345 3177 quo·

284 3205 388 3256 que
411 3190 616 3242 colonia
649 3204 681 3240 e
715 3190 926 3254 regione
956 3187 1236 3247 Messana,
1268 3188 1346 3237 in·

284 3273 621 3318 terent-rente
640 3266 780 3317 freto
800 3266 1007 3316 Siculo:
1044 3265 1235 3315 dicitur
1253 3264 1344 3315 ad·

279 3345 384 3395 buc
410 3344 603 3407 Beni·
627 3344 1138 3407 Arcbiepiscopatus,
1165 3348 1219 3392 et
1241 3356 1344 3392 me·

280 3422 505 3487 tropoiis
528 3421 779 3473 Calabria
802 3420 1082 3472 ulterioris.

344 3506 368 3533 ¹·
388 3501 461 3552 Ut
480 3500 545 3557 Q.
558 3500 761 3550 Fabium
775 3498 1071 3549 damviam
1093 3496 1342 3560 essejabe·

276 3576 418 3641 reat]
451 3577 587 3628 Haec
610 3592 736 3628 vera
758 3577 1018 3640 scriptura
1039 3588 1106 3624 ex
1130 3572 1340 3639 optimis

279 3652 584 3704 codicibus:
617 3659 889 3704 mutarunt
925 3650 1071 3700 Valla
1109 3657 1163 3699 et
1196 3648 1345 3712 Sigo-

278 3730 417 3794 nius,
435 3732 879 3795 scripseruntque,
894 3734 946 3779 ut
962 3729 1232 3779 dumea-o·
1246 3741 1348 3776 esse

255 3807 512 3868 juberent,
533 3805 669 3872 quod
694 3804 992 3857 dubitarent
1028 3818 1093 3853 an
1126 3803 1346 3853 duumvir

276 3886 334 3936 ia
359 3882 608 3946 singulari
651 3889 794 3932 reete
816 3882 1111 3940 diceretur3
1144 3879 1236 3928 sed
1268 3879 1346 3927 ui·

274 3959 348 4008 bil
396 3967 482 4009 est
524 3956 661 4023 quod
707 3956 1017 4020 ambigatur.
1087 3955 1175 4005 Sic
1206 3956 1344 4005 enim

278 4047 425 4099 supe
446 4034 622 4084 Livius
644 4033 775 4098 lpse,
793 4042 852 4082 nt
869 4031 1094 4087 ostendit
1116 4032 1349 4082 Gronov.

276 4110 448 4164 veluti
483 4109 572 4160 lib.
595 4123 657 4160 ιι.
698 4108 786 4159 ubl
820 4109 885 4158 de
910 4107 1027 4157 aede
1049 4107 1283 4157 Castoris
1316 4121 1347 4156 a

274 4186 558 4242 Postumio
598 4197 721 4237 vota
761 4184 951 4237 Latino
988 4185 1146 4248 bello,
1178 4183 1348 4234 ‘filius

274 4265 392 4332 ojus
432 4262 697 4317 duumvir'
729 4262 796 4315 ad
834 4262 888 4314 id
934 4263 1101 4328 ipsum
1137 4267 1347 4313 creatus

1426 2954 1711 3005 dedicavit.
1745 2953 1896 3007 Quod
1915 2961 2089 3003 autem
2102 2951 2391 3002 Glareanus
2413 2949 2487 3000 ait

1426 3032 1731 3082 servandum
1768 3045 1880 3080 esse
1913 3031 2095 3079 saltem
2122 3026 2369 3092 pluralem
2395 3040 2487 3075 nu·

1425 3124 1644 3169 merum,
1663 3106 1802 3173 quod
1828 3118 2023 3171 prater
2041 3103 2258 3155 Fabium
2274 3101 2335 3151 Τ.
2357 3102 2487 3153 Ota·

1425 3187 1574 3237 cilius
1594 3190 1802 3235 creatus
1827 3184 1896 3234 sit
1919 3182 2099 3234 eodem
2119 3189 2375 3244 tempore,
2396 3179 2487 3244 qui

1424 3263 1593 3314 edem
1635 3261 1833 3311 Mentis
1877 3257 2160 3321 dedicaret,
2195 3253 2330 3307 infra
2367 3269 2488 3319 cap.

1428 3340 1682 3405 proximo,
1724 3337 1859 3388 unde
1903 3343 1960 3386 et
2001 3333 2330 3384 scribendum
2371 3345 2487 3381 esse

1426 3416 1602 3465 edium
1632 3414 1994 3464 dedicandorum
2028 3426 2190 3472 caasa,
2223 3408 2275 3457 ld
2301 3407 2487 3456 nullius

1423 3493 1674 3542 momenti
1692 3499 1791 3552 est,
1812 3486 2230 3553 quandoquidem
2253 3485 2350 3533 boc
2372 3484 2489 3533 loeo

1423 3568 1577 3619 unius
1616 3573 1815 3618 tantum
1857 3564 1984 3615 aedis
2015 3560 2319 3611 dedicanda
2343 3573 2487 3607 men·

1427 3645 1500 3694 tio
1525 3658 1559 3693 a
1580 3642 1727 3693 Livio
1750 3640 1829 3704 fit,
1851 3638 2092 3690 nimirum
2113 3634 2334 3685 Veneris
2358 3634 2488 3697 Ery·

1425 3722 1579 3771 ciue.

1489 3804 1509 3830 ⁸
1541 3795 1617 3844 M.
1640 3793 1838 3844 AEmilio
1859 3791 2060 3856 Lepido,
2095 3788 2177 3852 qui
2218 3787 2291 3837 bis
2325 3788 2487 3836 consa!

1423 3870 1692 3935 augurque]
1734 3869 1889 3919 Hunc
1910 3875 1966 3917 et
1990 3867 2066 3917 M.
2088 3864 2348 3915 Valerium
2373 3863 2485 3913 La*-

1425 3949 1598 3999 vlnum
1639 3945 1718 3996 bis
1753 3943 1994 3994 consules
2027 3943 2259 3992 nominat
2295 3938 2488 3988 Livius.

1421 4024 1527 4076 Sed
1559 4038 1676 4073 cum
1717 4035 1886 4082 neque
1909 4020 1960 4069 iu
1994 4018 2141 4069 fastis
2161 4016 2487 4082 Capitolinis,

1424 4117 1598 4167 neque
1621 4099 1759 4165 apud
1784 4097 2165 4156 cassiodorum,
2196 4094 2294 4145 nisi
2323 4095 2484 4144 semel

1426 4182 1479 4232 in
1517 4179 1783 4230 consulum
1827 4189 2038 4227 numero
2067 4175 2342 4236 legantur3
2375 4184 2483 4220 sus·

1426 4259 1634 4325 picatur
1662 4253 1902 4320 Sigonius
1926 4266 2014 4304 eos
2050 4248 2293 4302 suffectos
2322 4247 2483 4298 fuisse
