3025 4892
827 399 900 448 Ll
916 399 1036 448 BR!
1088 398 1228 448 ΧΠ.
1275 395 1922 447 SUPPLRMBNTUM.

379 556 480 613 15.
524 559 542 586 ‘
567 548 687 609 Sed
713 556 912 608 tamen
938 546 1116 607 etiam
1142 543 1407 626 alioquin
1440 552 1787 624 argumenta
1810 561 2026 622 magna
2059 550 2196 602 sunt

290 656 359 707 et
381 646 699 709 evidentia.
784 642 986 704 Nemo
1011 644 1159 703 inter
1186 651 1408 703 nostros
1432 642 1518 702 ita
1543 640 1808 713 excellit,
1835 649 1903 701 ut
1925 640 1980 699 ei
2022 658 2194 719 aequo

295 745 499 806 animo
548 742 788 825 parituri
839 741 955 800 sint
993 739 1206 801 ceteri:
1275 759 1406 819 quae
1456 759 1597 800 vero
1642 738 1760 799 sint
1804 735 2193 797 aemulationis

294 840 580 923 pericula,
609 839 838 921 quoties
861 838 982 898 acri
1008 846 1070 897 et
1094 845 1331 918 potente
1357 856 1491 897 cum
1537 836 1702 896 hoste
1748 855 1839 896 τω
1871 844 1982 907 est,
2009 833 2189 894 scitis.

296 939 383 999 Et
428 957 856 1019 quemcumque
900 936 1166 995 faceretis
1208 934 1640 1016 imperatorem,
1683 932 1780 993 vel
1817 932 1998 992 nimio
2032 931 2198 1012 pacis

292 1034 515 1104 studio,
560 1033 655 1094 vel
700 1020 1019 1113 cupiditate
1061 1029 1298 1110 gerendi
1338 1030 1504 1101 belli,
1551 1030 1961 1090 detrimentum
1993 1028 2198 1089 vestris

294 1133 473 1192 rebus
498 1130 704 1190 afferre
732 1138 941 1209 posset.
1023 1127 1224 1188 Taceo
1251 1127 1559 1187 adversum
1599 1126 1928 1197 Romanos,
1962 1133 2197 1205 gentem

294 1229 476 1289 armis
526 1227 879 1296 induratam,
923 1245 1040 1284 nou
1083 1224 1350 1305 quolibet
1389 1223 1542 1284 duce
1594 1223 1816 1285 bellum
1868 1231 1997 1282 tuto
2050 1221 2191 1300 geri.

294 1324 527 1385 Verum
550 1324 866 1393 enimvero,
894 1320 1386 1402 quemadmodum
1412 1342 1585 1381 nemo
1610 1320 1867 1391 dubitat,
1893 1319 2108 1380 virtute
2133 1326 2197 1377 et

294 1422 542 1497 consilio
584 1420 827 1480 militari
868 1428 1006 1478 ante
1057 1418 1358 1499 Pyrrhum
1402 1438 1578 1479 nemo
1627 1426 1734 1477 est.
1820 1415 1942 1476 Sed
1990 1414 2191 1477 venire

2349 372 2521 440 1429

293 1518 540 1578 forsitan
585 1516 767 1578 nolet.
851 1515 1046 1575 Immo
1080 1535 1243 1586 vero,
1272 1516 1411 1595 quia
1449 1533 1642 1576 rerum
1683 1514 2063 1593 gerendarum
2086 1531 2190 1573 cu·
2251 1518 2379 1567 Plut.
2431 1518 2486 1565 in

294 1614 632 1695 pidissimus
657 1613 880 1673 bellum
912 1614 973 1672 in
1019 1612 1327 1694 praesentia
1368 1611 1595 1672 nullum
1637 1610 1801 1671 aliud
1843 1610 2045 1681 habet,
2073 1628 2190 1669 non
2218 1584 2520 1649 P7“¹¹⁰’²⁵·

296 1712 475 1772 modo
526 1711 722 1772 veniet
766 1712 887 1791 ipse
937 1710 1229 1781 lubenter,
1280 1707 1385 1768 sed
1449 1709 1630 1769 etiam
1689 1708 1948 1768 adducet
1993 1707 2197 1787 copias

296 1808 530 1870 validas
553 1816 616 1868 et
637 1806 970 1887 proeliorum
996 1826 1114 1867 non
1141 1805 1331 1865 rudes.
1418 1805 1503 1865 Et
1547 1826 1620 1865 ne
1664 1807 1742 1865 ab
1783 1805 1912 1886 ipso
1936 1803 2196 1866 libertati

298 1915 511 1966 nostrae
557 1912 904 1974 metuamus,
949 1904 1019 1962 iis
1060 1922 1194 1963 cum
1235 1922 1308 1962 eo
1348 1901 1781 1962 conditionibus
1823 1900 2194 1978 transigetur,

298 2003 512 2081 quibus
553 2000 886 2082 respublica
924 2000 983 2060 in
1024 2009 1153 2060 tuto
1190 1999 1285 2060 sit.
1371 1997 1517 2059 Hac
1543 2000 1767 2059 ratione
1796 1998 1921 2067 fiet,
1949 2005 2015 2055 ut
2038 1997 2197 2057 bona

295 2118 430 2158 cum
472 2119 576 2179 spe
609 2118 832 2158 sumere
867 2096 1114 2168 bellum,
1140 2105 1202 2155 et
1227 2095 1323 2155 vel
1365 2096 1673 2176 impetrare
1701 2114 1906 2175 pacem
1931 2113 2193 2155 commo-

296 2194 458 2267 dam,
484 2194 584 2255 vel
610 2195 787 2254 etiam
823 2193 963 2253 dare
998 2192 1314 2272 gloriosam
1346 2193 1665 2273 possimus:
1707 2210 2045 2271 quanquam
2080 2192 2194 2252 hoc

299 2293 493 2372 potius
525 2300 869 2352 eventurum
900 2309 1015 2351 non
1049 2289 1329 2371 improbae
1362 2289 1486 2370 spei
1517 2297 1627 2360 est,
1655 2297 1722 2349 ut
1746 2288 1905 2369 prius
1930 2286 2195 2349 Romani

299 2388 602 2448 nobiscum
638 2388 825 2468 aequis
850 2385 1077 2466 legibus
1104 2388 1447 2466 transigant,
1474 2405 1655 2466 quam
1683 2384 1796 2445 hoc
1822 2404 2010 2445 rerum
2037 2394 2192 2445 statu

300 2482 602 2563 Pyrrhum
641 2485 938 2565 accipiant
980 2484 1039 2543 in
1085 2482 1347 2555 Italiam,
1386 2484 1490 2563 qui
1535 2480 1828 2562 quondam
1868 2500 1946 2540 ex
1987 2479 2194 2540 eadem

299 2578 486 2660 Epiro
526 2581 764 2640 minoris
797 2578 1100 2660 aliquanto
1136 2578 1337 2659 gloriae
1369 2579 1762 2662 potentiaeque
1795 2596 1988 2656 regem
2020 2577 2192 2637 timu-

296 2678 510 2737 erunt!

376 2780 479 2834 16.
528 2771 674 2834 Hoc
697 2771 1000 2834 consilium
1026 2794 1142 2834 non
1171 2794 1244 2834 eo
1286 2782 1516 2835 tantum
1546 2772 1713 2843 vicit,
1742 2771 1900 2851 quod
1944 2768 2196 2853 publicae

295 2868 503 2929 salutis
524 2872 685 2949 viam
717 2869 877 2929 haud
910 2871 1331 2951 aspernandam
1365 2870 1656 2954 aperuisse
1683 2868 2026 2936 videbatur;
2090 2864 2194 2926 sed

297 2967 475 3025 etiam
505 2967 823 3025 contrarias
854 2967 911 3025 in
942 2967 1244 3047 opiniones
1274 2967 1465 3028 divisa
1492 2967 1796 3036 concione,
1827 2985 1962 3026 cum
1987 2972 2194 3023 neutra

298 3082 451 3142 pars,
482 3063 798 3122 obsistente
824 3061 1032 3135 altera,
1060 3062 1399 3143 pertendere
1433 3071 1648 3144 posset,
1676 3061 1832 3143 quod
1866 3061 2194 3140 proximum

296 3169 439 3229 erat,
469 3159 841 3229 sententiam,
870 3179 1002 3239 quae
1026 3158 1223 3219 media
1247 3159 1680 3240 quodammodo
1708 3158 2040 3229 videbatur,
2066 3157 2193 3215 uni·

296 3258 444 3316 versi
468 3254 865 3337 praetulerunt.
947 3255 1191 3327 Ferunt,
1216 3256 1459 3336 vulgato
1491 3277 1595 3336 per
1619 3256 1920 3316 civitatem
1943 3272 2191 3322 rumore,

298 3349 597 3415 decretum
618 3350 696 3410 de
712 3350 950 3432 Pyrrho
976 3350 1256 3412 acciendo
1278 3352 1503 3414 factum
1526 3372 1671 3422 esse,
1693 3350 1993 3410 Metonem
2010 3368 2193 3428 quen-

298 3446 456 3521 dam,
499 3448 795 3508 bominem
845 3447 1021 3527 frugi,
1063 3457 1257 3508 sumta
1309 3468 1525 3509 corona
1564 3447 1825 3508 marcida
1869 3452 1930 3505 et
1968 3443 2189 3514 facula,

299 3545 589 3605 ebriorum
612 3564 794 3615 more,
812 3564 946 3604 cum
972 3544 1218 3605 tibicina
1229 3545 1524 3605 theatrum
1547 3545 1849 3605 intravisse
1869 3561 1884 3601 t
1912 3541 2191 3623 populum

299 3638 704 3711 Tarentinum,
725 3638 904 3700 solita
934 3639 1199 3713 lascivia,
1230 3640 1496 3720 jussisse,
1531 3651 1549 3678 ⁶
1571 3648 1636 3700 ut
1665 3640 1946 3722 progressi
1979 3640 2037 3698 in
2070 3658 2189 3698 me-

300 3735 482 3808 dium,
510 3735 614 3795 ille
637 3755 808 3808 voce,
834 3735 1176 3797 muliercula
1211 3738 1361 3797 tibia
1399 3737 1715 3798 canerent?
1794 3734 1947 3795 Tum
1993 3733 2191 3794 Meto-

303 3850 455 3904 nem,
481 3832 647 3893 facto
670 3830 924 3904 silentiO,
950 3831 1203 3894 dixisse:
1236 3843 1254 3870 ‘
1277 3834 1443 3894 Bene
1458 3832 1674 3903 facitis,
1691 3830 2017 3901 Tarentini,
2032 3829 2193 3910 quod

303 3928 556 3990 nltandi
596 3927 964 4009 canendique
1002 3930 1234 4010 copiam
1273 3931 1559 4011 praestatis
1589 3929 1801 4010 quibus
1831 3927 2012 3987 libet:
2055 3945 2192 3986 nam

306 4024 543 4106 Pyrrho
568 4025 630 4084 in
656 4025 861 4084 urbem
885 4025 1137 4085 admisso
1160 4026 1263 4086 vix
1289 4027 1421 4097 erit,
1448 4034 1513 4085 ut
1539 4023 1716 4086 liceat
1730 4024 1980 4105 amplius
2003 4032 2197 4083 nostro

308 4123 469 4182 nobis
493 4122 783 4182 arbitratu
809 4123 1046 4182 vivere.'
1130 4121 1305 4182 Moto
1335 4121 1414 4181 ad
1444 4122 1571 4182 haec
1602 4120 1841 4202 populo,
1869 4129 2045 4201 atque
2071 4127 2200 4178 orto

311 4236 612 4292 murmure,
638 4219 814 4281 veriti
839 4220 940 4298 qui
965 4228 1229 4280 auctores
1243 4219 1582 4297 injuriarum
1608 4217 1882 4280 adversus
1897 4216 2201 4279 Romanos

2305 3257 2434 3305 Plut.
2468 3256 2520 3305 in

2218 3322 2418 3387 Pyrrho,
2438 3325 2520 3371 26.
