3025 4892
433 378 611 445 1422

469 564 575 613 Liv.
611 563 738 629 Epit.

440 644 540 677 xix.

437 693 705 759 Appianus.

1407 390 1479 440 Τ.
1530 388 1721 438 mvn

762 540 988 611 animis,
1015 539 1235 600 bellum
1269 538 1600 599 Senonibus
1629 535 1910 598 indictum
1935 544 2067 597 est:
2110 535 2422 616 statimque
2447 536 2653 596 missos

760 636 903 698 fecit
926 637 1205 698 Etruscos
1231 636 1575 706 Dolabella,
1596 635 1932 715 magnisque
1948 634 2248 695 itineribus
2271 654 2404 694 cum
2433 635 2654 694 exerci-

763 744 827 794 tu
882 755 985 815 per
1029 734 1315 795 Sabinum
1355 753 1427 794 ac
1469 734 1763 794 Picenum
1808 751 2009 811 agrum
2054 729 2130 790 ad
2174 728 2320 793 finos
2360 730 2658 793 Senonum

762 831 1081 893 contendit.
1166 830 1428 892 Senones
1479 830 1674 890 subito
1717 828 1966 888 hostium
2009 827 2262 897 incursu,
2317 837 2381 886 et
2419 828 2657 887 absente

762 929 1062 1010 copiarum
1103 949 1336 988 suarum
1366 929 1597 998 robore,
1622 946 1757 986 cum
1789 925 1992 1006 paucis
2030 933 2093 984 et
2124 923 2433 984 inconditis
2456 945 2658 984 occur-

762 1034 953 1085 rentes
994 1024 1169 1086 facile
1210 1025 1610 1107 profligantur.
1671 1021 1893 1083 Consul
1921 1020 2082 1081 nullo
2107 1019 2248 1081 dato
2272 1021 2443 1081 victis
2468 1021 2659 1102 spatio

480 1133 743 1199 Dionysius
762 1123 958 1182 exurit
980 1124 1162 1192 vicos,
1191 1120 1445 1181 aedificia
1485 1121 1681 1181 omnia
1714 1118 1915 1191 diruit,
1937 1125 2132 1179 vastat
2162 1137 2363 1197 agrum
2390 1137 2657 1177 omnem:

438 1198 674 1313 223¹*

437 1414 706 1481 Appianum

459 1612 589 1664 Hint.
613 1615 736 1664 Mi·-

437 1680 548 1728 cell.
572 1696 632 1728 11.
658 1686 736 1731 is.

467 1742 643 1810 Polyb.
673 1762 736 1795 11.

438 1811 521 1859 19.

491 1874 623 1939 Aug.
676 1877 738 1926 de

436 1936 544 1988 civ.
594 1941 708 1999 Dei,

440 2018 528 2052 ιιι.
552 2010 632 2056 17.

440 2070 579 2117 Oros.
620 2087 705 2120 ιη.

438 2137 527 2184 22.

439 2215 711 2281 Appianus.

442 2683 669 2795 ιΕιιτωρ.
702 2690 737 2738 1.

468 2765 504 2799 1.

440 3450 707 3516 Appianas.

761 1217 1013 1299 denique
1058 1218 1373 1300 puberibus
1403 1218 1632 1288 occisis,
1659 1214 1882 1276 imbelli
1915 1215 2220 1275 mulierum
2251 1224 2314 1274 et
2351 1233 2657 1296 puerorum

761 1315 1132 1375 multitudine
1156 1314 1437 1387 abducta,
1463 1335 1642 1395 quam
1675 1311 2024 1394 paucioeima
2050 1319 2242 1393 potest
2266 1311 2503 1370 humani
2531 1308 2658 1371 cul-

760 1419 855 1471 tus
877 1413 1124 1491 vestigia
1151 1412 1208 1471 in
1235 1412 1379 1472 locis
1416 1411 1716 1492 relinquit.·
1773 1409 2120 1469 Britomaris
2153 1416 2382 1490 captus,
2409 1417 2470 1467 et
2496 1407 2660 1467 vario

760 1509 1119 1569 cruciatuum
1162 1529 1371 1587 genere
1413 1516 1622 1578 tortus,
1658 1505 1734 1566 ad
1778 1506 2132 1586 triumphum
2173 1513 2453 1565 servatur.
2533 1503 2661 1563 Per

759 1604 992 1664 eosdem
1017 1605 1143 1665 dies
1168 1605 1621 1685 haudquaquam
1649 1603 1777 1685 pari
1798 1602 2034 1663 fortuna
2051 1620 2143 1662 res
2167 1600 2326 1682 apud
2358 1600 2661 1661 Arretium

760 1710 957 1780 gestae.
1045 1702 1114 1763 L.
1145 1701 1422 1762 Caecilius
1449 1711 1663 1782 praetor
1687 1710 1824 1760 ante
1853 1700 2041 1781 ipsum
2070 1697 2351 1779 oppidum
2385 1717 2521 1757 cum
2549 1696 2658 1757 Se-

763 1798 1009 1858 nonibus
1059 1799 1432 1878 Etruscisque
1474 1798 1720 1859 adverso
1779 1797 1978 1856 Marte
2037 1794 2323 1855 conflixit.
2418 1792 2658 1874 Septem

765 1888 979 1955 tribuni
1020 1895 1292 1967 militum,
1318 1896 1602 1976 multique
1628 1903 1913 1976 praeterea
1954 1893 2203 1970 insignes
2227 1891 2337 1951 viri
2366 1911 2501 1951 cum
2534 1891 2661 1972 ipso

768 2000 1011 2072 praetore
1037 1994 1173 2052 caesi
1197 2002 1358 2053 sunt:
1402 2013 1481 2052 ex
1508 1991 1834 2071 legionibus
1858 1998 1920 2050 et
1944 1989 2181 2050 auxiliis
2201 1989 2500 2050 hominum
2528 1988 2661 2047 mil·

767 2087 849 2147 lia
878 2087 1009 2169 plus
1033 2090 1224 2148 minus
1247 2089 1527 2149 tredecim
1554 2086 1906 2148 desiderata.
1945 2083 1959 2097 ⁹

846 2191 904 2244 3.
949 2184 1071 2245 Sed
1100 2186 1284 2246 minor
1310 2184 1469 2267 apud
1498 2185 1713 2246 Gallos
1737 2185 1913 2264 hujus
1939 2183 2197 2246 victoriae
2223 2183 2452 2255 laetitia,
2480 2202 2660 2263 quam

765 2282 999 2360 cognito
1026 2283 1233 2367 patriae
1259 2282 1492 2343 excidio
1524 2282 1715 2342 luctus
1730 2291 1908 2362 atque
1923 2282 2312 2343 consternatio
2326 2279 2459 2351 fuit.
2502 2278 2661 2341 Con·

764 2381 964 2440 tractis
989 2380 1091 2460 qui
1118 2380 1333 2460 ubique
1355 2401 1458 2461 per
1475 2379 1772 2440 Etruriam
1789 2379 2124 2439 militabant
2135 2377 2535 2460 popularibus,
2555 2379 2661 2438 ho-

765 2476 947 2536 mines
961 2477 1061 2536 irae
1078 2497 1148 2537 ac
1163 2475 1380 2538 doloris
1395 2477 1576 2559 pleni,
1594 2477 1822 2538 consilii
1836 2477 2075 2558 speique
2088 2476 2310 2557 inopes,
2326 2495 2461 2535 cum
2471 2474 2662 2547 sedes,

763 2573 975 2652 quibus
1008 2574 1419 2655 reciperentur,
1462 2573 1656 2634 nullas
1698 2593 1944 2654 usquam
1986 2573 2291 2644 haberent,
2325 2573 2492 2653 quasi
2536 2571 2663 2632 fato

763 2671 1019 2749 quodam
1046 2671 1123 2731 ad
1151 2671 1397 2732 exitium
1421 2691 1523 2732 eos
1541 2671 1830 2742 trahente,
1849 2669 2112 2731 Romam
2128 2670 2405 2752 pergendi
2420 2670 2665 2751 capiunt

762 2769 1078 2849 impetum:
1149 2778 1167 2804 ‘
1188 2788 1304 2829 non
1354 2769 1525 2829 aliter
1564 2769 1768 2850 patriae
1808 2787 1930 2828 suae
1983 2768 2375 2828 vastatoribus
2424 2765 2662 2848 rependi

762 2864 950 2924 vicem
977 2883 1168 2946 posse,
1197 2884 1376 2946 qnam
1401 2866 1450 2924 si
1475 2866 1680 2924 urbem
1707 2865 1960 2946 ipsorum
1985 2865 2159 2925 simili
2188 2863 2360 2924 clade
2387 2864 2662 2924 affectam

764 2961 970 3020 intueri
1002 2970 1366 3041 cogerentur.
1454 2961 1676 3042 Neque
1711 2962 2029 3023 minoribus
2064 2961 2272 3021 animis
2302 2961 2659 3041 viribusque,

762 3058 953 3118 c'ausis
982 3059 1161 3119 etiam
1194 3059 1533 3132 acrioribus,
1566 3061 1643 3120 ab
1670 3059 1913 3120 Arretio
1949 3059 2210 3119 Romam
2235 3067 2452 3139 petere,
2482 3078 2661 3139 quam

764 3156 1015 3234 majores
1050 3156 1163 3227 sni,
1194 3157 1270 3216 ab
1311 3155 1575 3241 qiusdem
1609 3156 1860 3217 Etruriae
1891 3155 2113 3238 oppido
2154 3155 2359 3215 Clusio
2390 3155 2659 3236 profecti,

763 3251 1009 3313 eandem
1044 3252 1207 3314 illam
1248 3254 1451 3314 urbem
1478 3256 1901 3335 occupassent)
1967 3253 2093 3313 His
2132 3253 2281 3312 inter
2314 3272 2377 3311 se
2418 3253 2663 3312 vocibus

764 3348 1044 3423 instincti,
1089 3360 1299 3412 ruunt:
1372 3361 1582 3412 natura
1634 3351 2001 3433 impatientes
2049 3368 2250 3421 morae,
2296 3358 2359 3409 et
2401 3356 2549 3421 tum,
2596 3358 2666 3409 ut

764 3444 1027 3508 incautos
1057 3449 1253 3510 hostes
1283 3448 1697 3532 opprimerent,
1726 3448 1905 3508 etiam
1941 3447 2186 3509 consilio
2217 3446 2468 3527 properi.
2538 3446 2663 3507 Sed

764 3563 868 3623 per
907 3543 1174 3606 hostilem
1217 3547 1511 3625 regionem
1538 3545 1886 3605 ducentibus
1919 3545 2082 3605 varia
2111 3542 2528 3625 impedimenta
2551 3544 2661 3604 ob·

750 3641 920 3719 jecta
944 3652 1112 3702 sunt:
1156 3643 1527 3725 spatiumque
1551 3642 1686 3715 fuit,
1717 3662 1836 3723 quo
1871 3639 2161 3722 provideri
2193 3639 2471 3703 adversus
2503 3641 2663 3702 bunc

760 3737 1073 3799 tumultum
1102 3749 1315 3821 posset.

841 3841 901 3894 4.
947 3834 1049 3896 Ita
1087 3838 1318 3916 rejecti,
1351 3837 1492 3896 dum
1531 3857 1636 3918 per
1675 3837 1877 3916 ignota
1915 3845 1979 3896 et
2018 3834 2232 3896 infesta
2269 3835 2471 3895 omnia
2496 3834 2664 3896 nulla

757 3941 920 3992 certa
951 3931 1343 3994 destinatione
1376 3943 1686 4013 vagantur,
1711 3934 1772 3993 in
1802 3932 2130 3995 Domitium
2169 3932 2472 3993 consulem
2516 3933 2660 3991 inci·

759 4026 946 4088 dunt:
990 4031 1369 4114 protinusque
1395 4051 1533 4092 cum
1559 4053 1632 4092 eo
1658 4039 1970 4091 conserunt
1994 4049 2220 4090 manus.
2292 4027 2416 4089 Sed
2450 4029 2659 4088 adver·

760 4143 857 4183 sus
904 4127 1189 4189 rationem
1255 4138 1434 4211 atque
1485 4128 1860 4210 disciplinam
1913 4126 2121 4187 infelix
2174 4127 2473 4187 temeritas
2523 4125 2656 4186 fuit.

763 4219 995 4284 Occisis
1018 4224 1078 4285 in
1105 4226 1310 4307 praelio
1338 4225 1562 4303 multis,
1587 4225 1823 4307 reliqui,
1849 4223 2255 4307 desperatione
2289 4234 2467 4306 atque
2495 4222 2660 4283 rabie
