3025 4892
836 398 1045 447 unm
1097 398 1260 448 xiv·
1307 397 1652 449 suonam
1668 399 1952 450 aarum.
2328 381 2502 450 1473

275 539 778 623 oppugnationem
794 562 958 602 orsus
981 551 1089 604 est.
1134 542 1254 603 Sed
1284 542 1666 623 Lilybaetani‚
1691 563 1825 603 cum
1851 554 1913 603 et
1939 562 2176 603 numero

278 648 795 720 propugnatorum,
839 650 903 700 et
940 640 1341 702 machinarum
1371 649 1661 722 apparatu
1692 642 2060 719 juvarentur,
2088 641 2178 701 lo-

278 757 419 797 cum
444 746 773 798 tenuerunt.
855 737 1111 798 Tantam
1137 739 1292 799 enim
1323 738 1756 820 catapultarum
1781 740 2178 820 scorpionum-

278 854 399 914 que
424 835 548 895 vim
574 833 1096 913 Carthaginienses
1129 836 1496 908 invexerant,
1526 845 1592 898 nt
1613 856 1903 897 murorum
1929 837 2182 897 ambitus

279 931 591 1012 capiendis
609 933 881 992 omnibus
920 933 1159 994 minime
1192 933 1501 996 sufficeret.
1587 933 1743 994 Cum
1785 935 1962 1013 igitur
1984 936 2181 1016 cujus-

282 1049 401 1107 que
428 1030 660 1108 generis
681 1029 984 1089 missilium
1007 1030 1174 1091 velut
1208 1031 1391 1091 imber
1428 1031 1671 1111 quidam
1713 1032 1771 1091 in
1810 1032 2000 1111 regios
2017 1051 2185 1113 spar-

282 1135 538 1206 geretur,
567 1126 851 1206 multique
870 1129 1087 1207 passim
1110 1128 1394 1189 caderent
1416 1138 1521 1190 aut
1537 1130 1957 1199 sauciarentur,
1985 1129 2185 1209 incep-

285 1236 412 1285 tum
438 1224 778 1285 omiserunt.
864 1224 1181 1286 Machinas
1219 1225 1434 1286 deinde
1461 1236 1524 1285 et
1554 1227 1678 1306 ipse
1705 1225 1992 1285 fabricare
2019 1226 2186 1285 insti-

285 1323 423 1393 tuit,
453 1332 668 1403 praeter
689 1342 792 1382 eas
814 1342 949 1402 quae
996 1322 1304 1404 Syracusis
1333 1324 1813 1383 advehebantur:
1857 1333 1920 1383 et
1961 1322 2188 1388 effossis

284 1419 487 1479 subter
510 1420 752 1480 humum
774 1420 1082 1492 cuniculis,
1107 1441 1312 1481 omnes
1335 1420 1708 1481 obsidionum
1734 1421 1987 1481 tentavit
2010 1430 2184 1480 artes.

290 1515 449 1576 Cum
475 1527 695 1588 autem,
722 1517 981 1577 animose
1007 1518 1402 1579 resistentibus
1428 1517 1658 1589 Poenis,
1684 1527 1810 1577 toto
1835 1517 1957 1578 sere
1973 1518 2186 1577 bimes-

290 1614 361 1672 tri
408 1614 807 1694 nequicquam
848 1634 913 1674 se
947 1613 1274 1694 fatigasset,
1317 1614 1685 1696 videretque,
1729 1615 1919 1676 donec
1954 1624 2189 1695 apertus

290 1729 329 1770 a
348 1711 499 1772 mari
526 1712 778 1772 obsessis
790 1710 984 1772 aditus
997 1713 1307 1793 exitusque
1320 1711 1494 1784 foret,
1515 1713 1840 1793 expugnari
1857 1712 2188 1794 Lilybaeum

290 1829 407 1869 non
454 1829 625 1891 posse
640 1831 662 1880 ;
724 1809 1029 1872 obsidione
1068 1809 1265 1870 soluta
1309 1810 1490 1870 aliam
1535 1811 1594 1870 in
1638 1818 1863 1890 partem
1904 1809 2191 1870 convertit

290 1907 597 1988 impetum.

366 2011 474 2067 16.
520 2004 764 2087 Quippe
807 2004 1086 2068 adversus
1122 2007 1510 2067 Mamertinos
1534 2006 1666 2067 freti
1692 2005 1928 2067 accolas
1953 2004 2185 2065 Graecae
2211 2011 2344 2061 Plut.

288 2105 569 2184 quadam
608 2106 877 2166 civitates
918 2106 1100 2168 fidem
1145 2108 1296 2187 regis
1340 2107 1755 2190 implorabant,
1816 2127 1990 2187 super
2041 2105 2191 2165 alias

289 2223 501 2282 graves
525 2212 590 2264 et
611 2203 846 2263 crebras
869 2204 1134 2284 injurias,
1160 2206 1340 2265 etiam
1367 2206 1647 2266 tributum
1674 2205 1927 2287 pendere
1944 2212 2190 2265 coactae.

293 2302 571 2383 Pyrrhus
616 2301 790 2382 igitur
829 2305 1094 2363 exercitu
1139 2323 1384 2385 propere
1425 2305 1631 2374 ducto,
1674 2323 1808 2364 cum
1846 2304 1917 2361 iis
1947 2303 2006 2361 in
2047 2302 2196 2361 locis
2220 2302 2523 2368 Polyb.1.8.

291 2398 585 2479 quosdam
629 2399 1119 2461 Mamertinorum
1162 2400 1240 2461 ad
1282 2400 1579 2480 exigenda
1617 2400 1938 2479 vectigalia
1992 2400 2198 2458 missos
2223 2369 2354 2420 pm·

292 2496 837 2577 comprehendisset
877 2498 1336 2579 necavissetque‚
1365 2497 1572 2579 praelio
1597 2516 1733 2559 cum
1761 2495 2200 2556 occurrentibus

294 2593 458 2655 facto
482 2593 753 2654 discessit
774 2596 1054 2675 superior,
1082 2615 1153 2655 ac
1196 2596 1381 2656 multa
1420 2615 1619 2655 eorum
1656 2594 1930 2675 praesidia
1973 2612 2197 2673 expug-

295 2692 463 2752 navit
480 2691 799 2772 diruitque.
818 2712 831 2721 ·
884 2691 969 2753 Et
991 2692 1274 2753 hactenus
1299 2693 1537 2773 quidem
1562 2693 1736 2752 rebus
1762 2689 2200 2771 praeclarissime

297 2790 475 2868 gestis
495 2789 781 2850 eximiam
813 2791 924 2850 sibi
967 2790 1291 2870 potentiam
1329 2789 1691 2869 gloriamque
1719 2808 1824 2848 rex
1852 2795 2195 2867 paraverat;

298 2896 512 2967 praeter
564 2886 715 2947 alias
752 2887 1021 2957 virtutes,
1063 2888 1245 2947 etiam
1276 2887 1499 2947 eximia
1541 2886 1905 2947 humanitate
1944 2903 2201 2944 amorem

299 2984 683 3065 singulorum,
725 2984 921 3045 studia
968 2986 1301 3057 civitatum,
1346 3005 1460 3045 non
1504 2985 1758 3065 adeptus
1795 2983 1983 3061 magis
2024 3001 2202 3062 quam

302 3084 562 3143 meritus.
665 3081 785 3142 Sed
827 3081 1176 3143 felicitatem
1223 3091 1474 3153 tantam,
1528 3092 1591 3141 et
1641 3101 1816 3162 quam
1870 3081 2206 3140 existimare

302 3179 772 3241 fundatissimam
798 3180 1107 3261 potuisses,
1129 3188 1426 3240 momento
1451 3166 1573 3238 sere
1601 3178 1947 3259 dissipatam
1970 3179 2210 3257 (praeter

305 3276 613 3338 levitatem
636 3277 1024 3356 ingeniorum,
1046 3296 1180 3358 quae
1213 3277 1340 3337 istis
1381 3275 1618 3357 populis
1652 3294 1949 3355 nunquam
1990 3272 2205 3342 defuit,
2264 3282 2499 3339 rosellus,

304 3386 365 3434 et
393 3375 717 3436 amicorum
743 3375 1175 3455 intemperiem)
1218 3375 1399 3455 ipsius
1427 3373 1686 3433 maxime
1712 3372 1863 3451 regis
1885 3370 2064 3450 culpa
2088 3379 2208 3429 tra·
2233 3348 2382 3464 (ᾖξ’,
2404 3350 2532 3465 εἰῇ.

304 3473 495 3533 ditur:
540 3472 647 3551 qui
687 3470 947 3532 adversis
984 3472 1270 3551 egregius,
1300 3470 1575 3531 secundis
1599 3471 1792 3540 rebus,
1840 3479 1905 3528 ut
1929 3469 2078 3528 inter
2102 3467 2209 3526 has
2232 3496 2276 3528 c.
2299 3451 2349 3530 τ’.
2391 3450 2403 3465 ’

306 3569 488 3631 ferme
512 3569 819 3630 inferiores
844 3570 1114 3629 humanae
1135 3577 1362 3629 mentes
1385 3578 1541 3639 sunt,
1560 3569 1617 3627 in
1643 3567 1972 3646 superbiam
2001 3564 2207 3624 effere·
2237 3545 2364 3594 ΡΜ·

308 3668 497 3729 batur.

386 3772 487 3829 17.
533 3763 691 3824 Cum
719 3765 913 3843 igitur,
957 3775 1024 3825 ut
1050 3774 1189 3826 ante
1230 3764 1507 3834 diximus,
1555 3761 1632 3821 ad
1675 3759 1982 3820 efficienda
2021 3766 2214 3836 coepta

314 3863 556 3924 classem
589 3862 701 3922 sibi
728 3862 1112 3923 necessariam
1138 3882 1262 3922 esse
1297 3861 1560 3930 duceret,
1585 3878 1764 3918 naves
1789 3866 1984 3915 autem
2031 3854 2215 3913 habe-

319 3971 403 4020 ret
420 3958 656 4030 multas,
682 3959 786 4019 sed
813 3979 1019 4041 parum
1047 3960 1410 4018 instructasa
1434 3957 1609 4016 sociis
1627 3952 1956 4021 navalibus,
1983 3949 2215 4029 remig-i-

323 4059 425 4117 bus
447 4058 661 4118 acerbe
706 4056 1125 4136 conquirendis
1150 4055 1325 4116 valde
1350 4052 1602 4115 offendit
1626 4051 1929 4112 civitates:
1973 4055 2216 4127 repente

326 4164 595 4227 mutatus,
623 4164 688 4215 et
728 4174 807 4215 ex
834 4154 1005 4236 priori
1033 4154 1279 4215 lenitate
1322 4152 1401 4214 ad
1426 4151 1678 4232 superba
1702 4147 1969 4228 imperia,
1998 4144 2216 4203 minas-

326 4271 455 4335 que,
496 4263 559 4313 et
601 4262 897 4338 postremo
939 4252 1253 4336 supplicia,
1296 4269 1576 4335 praeceps.
1661 4244 1784 4306 Sed
1826 4245 1952 4304 haee
1995 4250 2216 4310 tamen,
