3025 4892
2356 381 2529 450 1803

327 549 404 609 et
460 539 756 627 speculis
814 545 886 607 et
940 542 1459 626 propugnaculis
1511 542 1840 609 adversus
1895 542 2186 610 latrones
2236 550 2527 612 utuntur.

329 646 500 712 Inde
549 646 782 731 primo,
840 646 1227 728 conspectis
1270 645 1562 711 hostium
1609 645 1922 737 navibuS,
1981 644 2215 712 datum
2262 648 2526 731 signum

326 747 750 815 Hasdrubali
768 754 911 829 est3
943 748 1398 831 tumultusque
1421 748 1608 833 prius
1636 749 1707 812 in
1736 758 1915 814 terra
1942 754 2008 814 et
2028 751 2289 829 casti-is,
2320 769 2524 834 quam

325 853 422 920 ad
445 870 629 918 mare
658 856 727 916 et
752 850 840 917 ad
869 870 1103 930 naves,
1129 856 1230 916 est
1256 858 1464 928 ortus,
1494 850 1786 916 nondum
1818 858 1937 918 aut
1957 852 2155 937 pulsu
2186 872 2524 919 remorum

326 954 741 1039 strepituque
770 954 905 1019 alio
927 954 1202 1022 nautico
1231 952 1579 1034 exaudito,
1607 958 1723 1019 aut
1742 954 2207 1039 aperientibus
2230 956 2527 1022 classem

325 1056 839 1141 promontoriis:
863 1068 887 1096 '
926 1077 1079 1126 cum
1117 1063 1392 1142 repente
1443 1077 1672 1143 eques,
1718 1058 1893 1124 alius
1946 1078 2149 1144 super
2197 1060 2403 1126 alium
2437 1061 2524 1125 ab

326 1160 769 1228 Hasdrubale
796 1160 1072 1239 missus,
1101 1179 1317 1243 vagos
1344 1161 1413 1225 in
1438 1161 1661 1227 littore
1689 1161 2086 1245 quietosque
2113 1162 2181 1226 in
2214 1162 2526 1230 tentoriis

325 1265 495 1343 suis,
541 1265 712 1331 nihil
737 1266 962 1332 minus
989 1282 1196 1349 quam
1223 1263 1485 1330 hostem
1533 1268 1651 1328 aut
1693 1263 2001 1348 praelium
2028 1283 2112 1329 eo
2139 1263 2246 1329 die
2272 1284 2523 1349 expec-

321 1373 562 1445 tantes,
592 1366 1040 1434 conscendere
1060 1385 1270 1434 naves
1293 1384 1579 1452 propere
1604 1370 1810 1450 atque
1835 1385 2022 1433 arma
2044 1386 2286 1451 capere
2305 1367 2524 1452 jubet.

323 1469 633 1540 Classem
677 1469 1057 1537 Romanam
1097 1469 1244 1555 ⁸ium
1300 1468 1479 1535 haud
1541 1468 1784 1554 procul
1833 1476 2030 1553 portu
2091 1489 2257 1535 esse.
2346 1469 2526 1537 H-aec

323 1574 591 1659 equites
620 1574 880 1641 dimissi
909 1573 1168 1660 passim
1200 1573 1648 1658 imperabant.
1735 1570 1913 1638 Mox
1944 1572 2340 1642 Hasdrubal
2371 1573 2526 1657 ipse

322 1696 483 1744 cum
527 1678 708 1743 omni
752 1677 1049 1744 exercitu
1096 1676 1365 1743 aderat:
1412 1676 1738 1760 varioque
1771 1675 1999 1741 omnia
2044 1676 2328 1743 tumultu
2358 1684 2528 1744 stre-

321 1786 515 1865 punt,
550 1780 894 1848 ruentibus
931 1781 1000 1847 iu
1038 1798 1249 1847 naves
1276 1778 1477 1845 simul
1504 1777 1864 1860 remigibus
1890 1777 2381 1864 militibusque,
2424 1779 2530 1846 su·

324 1882 647 1966 gientium
673 1883 890 1967 magis
918 1903 958 1949 e
988 1890 1214 1963 terra,²
1265 1900 1469 1967 quam
1515 1882 1586 1946 iu
1632 1899 1921 1967 pugnam
1972 1883 2269 1948 euntium
2297 1882 2527 1948 modo.

321 1982 630 2054 Vixdum
671 2006 904 2060 omnes
944 1984 1496 2063 conscenderant,
1547 2004 1700 2049 cum
1745 1984 1863 2050 alii
1905 1985 2220 2051 resolutis
2268 1985 2409 2051 oris
2453 1985 2527 2049 in

321 2088 655 2156 anchoras
677 2088 1046 2158 evehuntur
1064 2096 1156 2171 33‘
1184 2088 1323 2166 alii,
1353 2107 1439 2154 ne
1463 2088 1632 2174 quid
1656 2095 1903 2167 teneat,
1932 2088 2329 2155 anchoralia
2357 2087 2523 2154 inci-

321 2191 522 2258 dunt:
566 2192 949 2279 raptimque
976 2193 1201 2258 omnia
1230 2211 1657 2278 praepropere
1674 2197 1706 2240 ⁴
1752 2192 2039 2275 agendo,
2085 2191 2382 2257 militum
2408 2210 2530 2276 ap·

319 2301 559 2378 paratu
605 2295 876 2362 nautica
922 2295 1290 2362 ministeria
1339 2294 1821 2380 impediuntur,
1865 2294 2311 2378 trepidatione
2360 2313 2529 2358 nau·

1055 394 1199 444 nis.
1249 393 1458 446 xxii.
1499 393 1670 457 car.
1710 379 1820 447 19.

321 2464 571 2582 ’.ᾆξαι
595 2465 762 2517 classis
796 2464 1013 2518 nom
1048 2468 1253 2519 ιιοιιᾰιιιιι
1290 2467 1343 2518 is
1374 2470 1622 2532 conspectu
1648 2471 1783 2523 ruet,
1816 2465 2141 2529 omega-tibus
2174 2479 2278 2515 ensi
2308 2479 2527 2530 promon-

1247 2611 1612 2634 mmnuff

317 2712 416 2759 -i
454 2708 535 2761 Al.
563 2709 692 2762 XX.
715 2709 870 2762 ’sillia
887 2715 1224 2775 ρωνωκμὲ
1251 2712 1419 2774 Magis
1438 2728 1467 2761 a
1485 2716 1618 2763 terra
1638 2711 1871 2762 Gronov.
1876 2714 1971 2760 -8
1996 2708 2131 2760 Edd.
2155 2716 2275 2760 unte
2296 2708 2531 2761 Gronov.

318 2789 430 2825 cass
459 2775 548 2827 aliz·
582 2778 820 2827 resolvunt
852 2790 962 2827 orus
996 2782 1080 2827 aut
1114 2777 1366 2827 mliorem
1395 2778 1593 2828 munst.
1658 2777 1781 2826 Vid.
1818 2777 1945 2826 Not.
1981 2774 2222 2825 iuf.‘—4
2245 2775 2531 2839 Raptimque

321 2840 482 2891 omis
502 2856 558 2891 uc
575 2855 889 2908 prepi-opere,
915 2845 1008 2893 ut‘
1027 2840 1277 2893 ferociter
1301 2844 1470 2893 omnis
1493 2858 1555 2893 uc
1577 2855 1937 2909 praepropere,
1940 2839 2081 2906 '.leg
2103 2855 2222 2892 cum
2243 2841 2406 2892 Grou.
2430 2841 2530 2891 nisi

1312 2988 1532 3040 NOTAE

381 3093 408 3121 Φ
442 3087 568 3136 Cum
589 3086 678 3136 ulii*
709 3086 927 3138 resolutis
956 3086 1058 3137 oris
1075 3087 1127 3137 ιἰι
1156 3086 1386 3137 anchoras
1466 3093 1524 3138 et
1546 3086 1812 3151 anchoras,
1845 3099 1912 3137 ue
1933 3085 1986 3136 in
2004 3084 2263 3137 moliendo
2285 3099 2430 3138 mors
2451 3099 2531 3136 es-

313 3163 580 3215 euenum
612 3163 858 3228 [resolutis
887 3164 1004 3215 loris
1024 3163 1078 3214 ιἰι
1111 3165 1384 3227 mucram,

313 3239 647 3303 meum-J
679 3240 766 3290 Ita
796 3241 945 3292 Colb.
979 3239 1178 3291 Badius
1208 3240 1383 3291 resolu-

318 3317 526 3389 anteon-ia
545 3318 797 3368 ιιισΙιονιιιιι
809 3320 1008 3369 uelim.
1071 3319 1259 3383 Vulgo,
1279 3333 1386 3368 οιιιιι

316 3395 406 3444 clii
424 3395 664 3446 malm
677 3409 807 3457 ms,
819 3394 1173 3445 diianchorsm
1187 3396 1384 3446 reluat.

319 3470 558 3522 Gronov.
598 3469 875 3522 contendit
918 3469 1236 3534 legendum.
1282 3485 1388 3520 ειιιιι

315 3544 408 3596 slis*
426 3547 649 3597 resumis
668 3547 766 3597 oris
781 3546 836 3596 ιἰι
856 3547 1089 3597 ucham
1109 3546 1384 3604 εοεΙιιιιιιιιτ,

318 3636 477 3687 quem
524 3622 640 3673 vide
679 3635 757 3672 iv.
804 3623 1066 3673 observat.
1107 3626 1192 3673 26.
1258 3622 1387 3672 Vult

317 3713 450 3763 orus,
468 3698 675 3762 opinor.
712 3701 845 3754 suni
880 3714 978 3765 pro
1007 3700 1220 3750 nautico
1241 3697 1384 3764 fune,

317 3791 423 3842 quo
444 3777 595 3827 usvis
612 3776 779 3828 littori
793 3777 1052 3841 slligstur.
1086 3776 1152 3827 Ei
1172 3777 1250 3827 rei
1267 3790 1385 3840 pro·

318 3850 509 3905 bsndae
530 3852 809 3905 adducitur
834 3853 1150 3907 Quintilian.
1177 3853 1231 3904 in
1254 3868 1385 3918 prm·

318 3929 418 3981 fat.
465 3929 533 3980 ad
576 3929 943 3995 Tryphonemz
976 3932 993 3960 ⁸
1013 3931 1387 4002 Permittamus

318 4008 437 4058 veta
466 4008 662 4069 ventis,
684 4015 738 4057 et
755 4020 894 4058 orsrn
918 4007 1232 4059 solventibus
1253 4007 1387 4059 bene

319 4083 636 4148 precemur!
703 4082 967 4149 Adjicitur
991 4091 1047 4134 et
1071 4084 1269 4135 Noster
1297 4084 1392 4135 lib.

319 4172 538 4211 xxvui.
569 4160 586 4188 ⁸
605 4158 672 4209 Iu
693 4160 820 4223 ipsis
839 4173 1044 4225 quoque
1070 4159 1394 4224 trepidatum

321 4236 555 4302 navibus,
577 4235 722 4299 duni,
756 4250 824 4288 ne
857 4237 1032 4287 hostes
1055 4251 1172 4288 curu
1195 4238 1302 4288 suis
1334 4239 1397 4287 ir·

324 4319 648 4380 rumperent,
682 4313 895 4366 innunt
929 4315 1136 4379 scalas3
1183 4329 1400 4382 orasque

1467 3171 1570 3227 set,
1594 3161 1926 3227 praeciduut.'
1994 3163 2190 3213 Verum
2209 3161 2344 3226 apud
2365 3162 2531 3215 Quiu-

1469 3241 1702 3291 tilianum
1724 3241 1915 3304 legitur
1931 3242 1985 3290 in
2011 3240 2316 3304 quibusdam
2337 3240 2533 3290 codici-

1467 3317 1564 3369 bus
1599 3333 1684 3368 cru
1720 3317 2036 3370 solentibus.-
2074 3332 2175 3384 qua
2210 3319 2411 3367 ratione
2432 3330 2532 3365 ora

1465 3393 1776 3444 vocabulum
1819 3392 1888 3442 de
1919 3393 2101 3444 littore
2137 3392 2354 3455 intelligi
2378 3390 2533 3441 facile

1468 3476 1666 3534 potest.
1730 3469 1873 3522 Quin
1912 3476 1969 3520 et
2000 3468 2272 3520 Turnebus
2307 3468 2400 3520 lib.
2440 3481 2533 3518 iii.

1467 3545 1751 3597 Adversar.
1772 3560 1889 3610 cup.
1913 3551 1962 3596 o.
1999 3553 2014 3574 ‘
2033 3559 2176 3596 oraru
2198 3545 2400 3596 solvere
2417 3543 2433 3567 ⁹
2454 3543 2532 3593 ui·
2616 3543 2621 3547 ’

1464 3623 1538 3673 hil
1571 3623 1860 3673 aliudesse
1894 3623 2080 3687 credit,
2113 3637 2265 3687 quani
2296 3635 2328 3671 a
2356 3621 2533 3671 littore

1465 3700 1731 3764 navigare.
1774 3700 1943 3749 soluta
1982 3701 2121 3749 navi.
2187 3698 2345 3763 Apud
2394 3698 2532 3748 Nos-

1469 3784 1607 3827 trum
1631 3791 1836 3842 quoque
1859 3777 2106 3828 scribitur
2127 3776 2181 3825 iu
2212 3782 2423 3827 vetusto
2444 3790 2536 3828 co·

1467 3852 1585 3903 dice
1622 3852 1757 3902 lora.-
1793 3868 1896 3918 quo
1933 3854 2142 3904 nomine
2171 3852 2532 3918 significantur

1466 3930 1604 3980 haud
1628 3931 1785 3982 dubie
1814 3929 2102 3981 retinacula
2133 3933 2371 3993 navium3
2413 3945 2530 3996 quo

1467 4016 1525 4057 et
1565 4008 1861 4058 anchoralia
1893 4008 1978 4058 liic
2014 4007 2191 4058 Livius
2223 4015 2377 4058 vocat
2412 4022 2531 4071 pro-

1464 4085 1581 4150 prio
1612 4086 1840 4138 nomine.
1906 4086 2152 4137 Ceterum
2183 4086 2380 4151 qumvis
2402 4085 2531 4150 liga-

1465 4164 1607 4216 mius
1652 4165 1769 4216 loru
1818 4170 1879 4216 et
1926 4164 2217 4215 loraments
2264 4163 2529 4229 appelliu-

1470 4246 1573 4291 tur.
