3025 4892
826 376 1039 426 LIBRI
1088 374 1267 426 xlx,
1311 372 1961 426 SUPPLBMBNTUM.

282 527 378 582 tu‘s
391 519 734 581 aRomabis
747 521 992 581 navibus
1017 519 1401 580 ad‘ancboras
1419 519 1710 580 stantibus
1733 518 2010 580 custodiri
2029 520 2178 581 scie-

285 619 448 679 bant.
494 616 617 677 Sed
642 616 743 677 ille
763 618 1204 699 privata,'quam
1218 617 1500 686 habebat,
1525 616 1976 687 adornatanavi,
1998 616 2075 676 ad
2091 617 2177 676 in-

283 715 537 775 sularum
562 735 698 793 quae
724 713 991 794 Lilybaeo
1016 715 1157 794 praej
1165 722 1337 773 acent
1360 733 1560 783 unam,
1607 714 1743 772 hinc
1766 712 2001 782 deinde,
2045 733 2178 773 cum

282 811 565 892 postridie
590 820 829 871 ventum
854 810 1135 870 ferentem
1160 818 1365 870 nactus
1387 819 1559 880 esset,
1605 810 1763 870 circa
1788 818 2055 889 quartam
2075 808 2179 869 ho-

286 927 411 967 ram
433 908 581 977 diei,
606 907 828 988 palam,
861 907 1319 988 inspectantibus
1360 906 1645 967 universis
1683 906 1933 966 hostium
1973 906 2182 987 copiis,

286 1004 653 1083 hominisque
667 1001 947 1063 fiduciam
972 1003 1356 1083 stupentibus,
1385 1013 1616 1084 portum
1643 1004 1905 1062 invectus
1942 1011 2050 1062 est.
2092 1002 2186 1061 At

290 1099 601 1161 Romanus
620 1100 848 1171 consul,
875 1109 944 1160 ut
959 1099 1385 1178 regredientem
1410 1099 1803 1180 interciperet,
1827 1097 2076 1159 selectas
2106 1119 2183 1159 ex

288 1196 444 1257 omni
469 1217 713 1257 numero
736 1217 916 1256 naves
939 1196 1147 1257 decem
1188 1217 1293 1278 per
1332 1206 1566 1257 noctem
1590 1196 1795 1256 instrui
1825 1196 2040 1274 jubet:
2084 1215 2188 1255 eas

290 1294 365 1353 ab
407 1301 655 1373 utroque
684 1292 884 1376 *latere
930 1302 1131 1374 portus
1171 1313 1350 1374 quam
1392 1293 1659 1375 proxime
1700 1292 1780 1353 ad
1826 1292 2013 1372 ipsum
2054 1293 2184 1371 ejus

288 1390 497 1450 ostium
520 1390 839 1450 constituit.
910 1388 1226 1450 Hannibal
1246 1390 1546 1450 celeritate
1574 1390 1742 1449 navis
1773 1407 1897 1449 sua:
1920 1387 2183 1448 confisus

287 1485 450 1546 clara
491 1485 623 1545 luee
669 1485 973 1567 procedit:
1033 1488 1433 1567 expectabant
1457 1506 1590 1547 eum
1633 1486 1845 1546 intenti
1878 1485 2184 1565 paratique

296 1579 588 1655 Romani,
631 1583 921 1662 simulque
954 1585 1170 1644 conatu
1211 1592 1433 1664 quanto
1472 1592 1745 1665 poterant
1769 1582 1829 1641 in
1857 1601 1992 1641 eum
2034 1581 2183 1641 sere-

293 1680 527 1740 bantur.
613 1679 735 1740 Sed
767 1679 868 1739 ille
892 1680 1204 1741 velocitate
1230 1691 1454 1742 tantum
1479 1681 1777 1749 vincebat,
1804 1688 1892 1751 ut,
1917 1679 2187 1758 effugisse
2219 1759 2226 1764 ἡ

289 1795 406 1836 non
429 1783 763 1847 contentuS,
791 1777 946 1838 ultro
961 1776 1256 1848 illuderet,
1270 1778 1445 1839 modo
1461 1777 1850 1855 adnavigans,
1876 1774 2051 1836 modo
2074 1775 2187 1836 cir-

288 1882 649 1944 cumvectus,
664 1874 840 1953 ‚quasi
865 1873 945 1934 ad
971 1894 1225 1955 pugnam
1250 1876 1444 1936 hostes
1468 1881 1834 1956 provocaret.

369 1977 471 2029 13.
516 1969 664 2030 Hac
682 1970 943 2040 ,au'daeia
974 1992 1108 2032 cum
1146 1974 1359 2054 saepius
1400 1981 1677 2042 uteretur,
1727 1970 1976 2030 multum
2015 1969 2187 2028 rebus

290 2064 544 2127 Punicis
582 2066 909 2145 adjumenti
950 2067 1222 2138 contulit,
1277 2068 1438 2148 quod
1479 2078 1543 2129 et
1592 2069 1956 2129 obsessorum
2005 2066 2188 2126 animi

288 2163 509 2223 nuntiis
545 2183 778 2224 suorum
816 2162 1062 2225 mirifice
1102 2165 1531 2236 recreabantur,
1555 2190 1560 2194 ·
1580 2174 1643 2225 et
1678 2183 1813 2243 quae
1845 2161 2188 2243 postulabat

291 2278 426 2319 usus
450 2259 803 2338 Carthagini
847 2267 1073 2322 mature
1097 2263 1372 2341 cognosci
1396 2270 1701 2343 poterant:
1744 2270 1807 2321 et
1839 2259 2190 2320 contumeli-

290 2383 395 2424 oea
420 2364 586 2423 istius
609 2364 859 2424 hominis
892 2363 1190 2423 temeritas
1228 2362 1538 2424 Romanos
1575 2359 1845 2420 molestia
1880 2367 1943 2418 et
1967 2358 2191 2439 pudore

291 2459 597 2520 vexabat.-
693 2458 1028 2520 Juvabatur
1070 2468 1265 2520 autem
1320 2459 1531 2540 peritia
1589 2456 1845 2517 maxime
1904 2453 2190 2522 locorum,

293 2555 455 2636 q'uod
499 2558 556 2615 in
598 2556 842 2636 palustri
888 2556 994 2616 illa
1036 2575 1383 2636 coenosaque
1423 2554 1637 2625 eluvie,
1687 2572 1791 2632 per
1821 2569 2000 2630 quam
2028 2547 2190 2628 Lily·

291 2653 484 2713 baeum
513 2651 731 2724 aditur,
757 2662 977 2713 certum
1005 2652 1305 2732 fidumque
1340 2652 1591 2711 navibus
1621 2649 1732 2709 iter
1765 2655 2037 2707 accurate
2084 2645 2190 2703 ob-

290 2759 666 2809 servaverat:
732 2750 964 2830 quoties
1001 2750 1159 2809 enim
1202 2749 1285 2808 ab
1327 2748 1452 2807 alto
1496 2745 1735 2807 veniens
1779 2746 1837 2803 in
1873 2749 2191 2820 conspectu

292 2846 511 2905 habere
538 2846 739 2908 urbem
781 2855 1060 2926 coeperat,
1100 2846 1187 2904 ita
1221 2844 1568 2905 obvertebat
1604 2860 1838 2910 navem,
1878 2847 1945 2899 ut
1983 2837 2194 2919 puppis

294 2940 490 3002 Italia
521 2943 855 3023 respiceret,
899 2962 976 3001 ex
1017 2962 1192 3022 prora
1226 2943 1401 3004 turris
1427 2940 1827 3022 Lilybaetana‚
1868 2955 2001 3015 qua:
2046 2934 2191 2995 mari

292 3040 663 3111 imminebat,
689 3041 777 3099 ita
798 3048 1151 3110 cerneretur,
1172 3047 1240 3099 ut
1260 3040 1521 3100 omnium
1549 3035 1825 3096 Africam
1842 3052 2037 3094 versus
2049 3031 2192 3093 'sita-

290 3155 421 3195 rum
442 3137 694 3197 turrium
715 3145 1089 3216 conspectum
1126 3138 1382 3215 tegeret:
1442 3153 1575 3215 quae
1618 3153 1738 3194 una
1776 3130 2064 3191 tutissima
2089 3135 2194 3187 ‘est

290 3230 389 3292 via
409 3229 589 3314 pleno
615 3252 785 3292 cursu
813 3242 1045 3313 portum
1067 3234 1406 3314 petentibus
1431 3231 1642 3291 nautis.

370 3335 475 3388 14.
520 3327 774 3408 Jamque
794 3327 989 3410 plures
1013 3349 1141 3390 esse
1166 3337 1483 3409 coeperant,
1511 3327 1615 3407 qui
1643 3324 1895 3385 audacia
1918 3331 1983 3382 et
2004 3318 2190 3380 felici-

292 3432 414 3484 tate
443 3423 815 3484 Hannibalis
857 3425 1086 3485 incitati
1131 3424 1467 3506 Lilybaeum
1508 3429 1940 3483 commearent:
2007 3417 2193 3475 donec

293 3540 431 3580 casu
469 3520 731 3601 quodam
770 3519 1150 3601 quadriremis
1190 3520 1526 3581 celeritatis
1546 3516 1779 3578 eximiae
1816 3513 2193 3595 comprehen-

295 3615 551 3678 deretur.
633 3616 807 3678 Licet
827 3619 985 3678 enim
1012 3617 1147 3678 aliis
1186 3617 1448 3699 partibus
1472 3615 1656 3675 moles
1679 3634 1718 3673 a
1756 3611 2046 3671 Romanis
2058 3609 2195 3687 jac·

298 3711 388 3774 tas
408 3716 578 3774 venti
607 3734 677 3775 ac
703 3713 876 3775 unda:
896 3715 1306 3796 raptavissent,
1333 3734 1450 3773 uno
1477 3722 1674 3772 tamen
1702 3710 1856 3778 loco,
1883 3707 1983 3766 ubi
2009 3706 2198 3764 minus

298 3810 651 3889 profundum
690 3830 850 3870 mare
890 3812 1102 3882 fuerat,
1144 3812 1567 3871 constiterunt:
1628 3807 1684 3867 ei
1726 3804 1899 3874 dorso
1940 3803 2199 3882 impacta

301 3907 463 3966 navis
497 3927 633 3967 cum
656 3907 1016 3979 obhaesisset,
1038 3916 1214 3988 capta
1238 3927 1277 3967 a
1303 3905 1596 3967 Romanis
1632 3902 1973 3983 optimoque
2008 3895 2196 3956 milite

300 4011 359 4062 et
408 4003 652 4082 remigio
694 4004 997 4075 instructa,
1049 4004 1230 4064 etiam
1273 4001 1610 4062 Hannibali
1669 3997 1917 4059 exitium
1976 3993 2193 4053 attulit.

306 4099 546 4181 Quippe
573 4109 749 4160 noctu
774 4099 924 4159 forte
952 4102 1241 4180 ingressus
1277 4100 1501 4169 urbem,
1528 4118 1664 4158 cum
1686 4097 1743 4156 in
1782 4094 1966 4154 reditu
1994 4091 2194 4172 palam

306 4192 588 4268 solvisset,
606 4196 1147 4277 quadrirememque
1168 4197 1343 4258 istam
1357 4195 1436 4257 ad
1454 4215 1656 4255 omnes
1675 4212 1796 4253 suae
1817 4191 1985 4251 navis
2005 4196 2195 4248 motus

2332 359 2505 428 158⁹
