3025 4892
447 339 621 406 1412
1406 356 1477 402 T.
1529 355 1710 428 mm

449 518 596 566 Auct.
618 516 682 565 de
766 520 987 560 summo
1002 509 1065 560 et
1078 501 1356 579 religione
1372 499 1649 581 perfudit.
1694 499 2042 561 Sacerdotes
2059 501 2213 560 enim
2233 501 2651 571 venerabundi,

446 584 534 631 '³¹’-
571 583 743 632 mustr.
770 598 995 676 ‘ipsum
1046 599 1106 657 in
1147 598 1258 658 hoc
1303 617 1492 676 angue
1538 617 1751 657 numen
1791 618 1936 669 esse,
1980 607 2044 658 et
2082 617 2496 677 nonnunquam
2540 599 2653 657 hac

448 652 595 761 ἔξω.
632 711 743 760 Val.
766 692 954 753 forma
1001 695 1278 775 conspici,
1329 694 1572 753 salutari
1638 714 1862 774 semper
1928 694 2203 764 ostento,'
2247 693 2650 754 clamitabant.

444 777 582 827 Mu.
654 841 665 852 .
771 790 970 850 Biduo
991 801 1335 871 conspectus
1367 791 1425 850 in
1454 790 1673 871 templo
1699 810 1954 871 serpens,
1981 788 2193 850 deinde
2219 791 2426 850 iterum
2452 810 2651 851 recon-

445 841 585 956 ἓξὲξ,
601 840 745 955 &1¹:⁸25
766 886 923 946 ditus
956 898 1079 948 est:
1121 889 1296 947 tertio
1318 886 1414 947 die
1438 908 1544 969 per
1575 886 1795 948 medios
1817 888 2202 968 spectantium
2225 890 2651 947 venerantium-

448 988 507 1063 ’ξ’
539 976 617 1021 ¹¹·
768 1003 882 1063 que
926 993 1106 1044 eoetus
1145 993 1306 1045 recta
1338 985 1597 1065 perrexit
1622 983 1698 1043 ad
1727 992 1953 1064 portum
1978 984 2080 1043 ubi
2108 981 2386 1043 Romana
2410 984 2655 1042 triremis

444 1035 552 1085 κει
575 1037 710 1085 ”⁸¹⁰
767 1081 997 1149 stabat:
1059 1101 1238 1161 quam
1279 1082 1584 1160 ingresus,
1623 1083 1681 1140 in
1726 1079 2103 1140 tabernaculo
2143 1079 2226 1146 Q.
2255 1078 2524 1157 Ogulnii,
2550 1080 2652 1158 qui

444 1180 549 1229 Liv.
577 1180 709 1246 Epit.
766 1177 1034 1257 princeps
1067 1176 1378 1256 legationis
1416 1186 1563 1248 erat,
1591 1176 1903 1258 multiplici
1937 1177 2218 1257 spirarum
2242 1176 2381 1235 orbe
2403 1196 2468 1234 se
2491 1194 2650 1234 com-

440 1261 622 1359 {ilem
654 1310 716 1379 (¹0
764 1274 975 1351 posuit.
1059 1272 1384 1334 Ferebatur
1427 1275 1750 1353 antiquitus
1779 1272 2007 1344 fabula,
2043 1271 2292 1332 eundem
2322 1271 2489 1332 illum
2515 1271 2648 1331 Εε-

444 1375 529 1422 vir.
550 1375 720 1425 illustr.
761 1367 1082 1449 culapium,
1108 1369 1298 1430 forma
1341 1370 1622 1449 serpentis
1664 1370 1949 1440 indutum,
1995 1368 2312 1449 aliquando
2349 1367 2649 1447 Epidauro

444 1439 649 1489 Pmffl'·
765 1463 1085 1544 Sicyonem
1130 1467 1418 1526 mularum
1452 1467 1617 1544 jugis
1662 1465 2034 1546 deportatum
2091 1465 2288 1535 subse,
2343 1462 2649 1542 Nicagora

763 1559 1042 1638 quadam,
1074 1560 1367 1621 Echetimi
1394 1582 1599 1633 uxore,
1627 1561 1974 1622 deducente.

838 1663 940 1717 14.
999 1657 1150 1717 Laeti
1189 1678 1326 1737 ergo
1368 1657 1631 1738 prodigio
1673 1657 1956 1728 Romani,
1983 1664 2263 1735 tanquam
2305 1661 2647 1736 praesentem

767 1753 965 1814 Deum
991 1756 1287 1828 veherent,
1304 1755 1440 1816 vela
1452 1755 1687 1827 dedere,
1711 1756 2027 1836 paucisque
2051 1752 2259 1813 diebus
2283 1753 2646 1831 interjectum

444 1856 626 1934 sucron-
644 1857 706 1905 de
764 1870 920 1910 mare
948 1855 1232 1932 permensi
1260 1853 1640 1934 prosperrimo
1664 1872 1833 1912 cursu
1859 1851 2115 1911 Antium
2139 1855 2463 1909 tenuerunt.
2547 1846 2645 1906 Ibi

441 1921 721 2035 gff’i‘ff‘m'·
758 1966 892 2006 oum
919 1946 1310 2009 inhorrescens
1335 1968 1492 2009 mare
1519 1949 1946 2026 navigationem
1978 1944 2303 2026 impediret,
2339 1962 2647 2024 prorepens

760 2062 837 2102 ex
865 2044 1100 2123 navigio
1131 2066 1386 2125 serpens,
1420 2046 1524 2125 qui
1557 2053 1744 2104 totum
1769 2063 1873 2124 per
1896 2043 2006 2102 iter
2028 2042 2260 2122 quietus
2284 2041 2366 2099 ibi
2385 2061 2453 2099 se
2477 2048 2644 2099 tenu·

760 2148 907 2210 erat,
936 2141 994 2200 in
1019 2143 1371 2203 vestibulum
1394 2141 1542 2213 fani,
1575 2140 1733 2221 quod
1764 2160 1839 2199 ea
1866 2140 2008 2198 urbe
2032 2137 2470 2198 celeberrimum
2495 2144 2642 2204 erat,

443 2235 555 2288 val.
578 2238 722 2290 Max.
761 2234 1058 2309 allabitur,
1085 2260 1272 2319 eoque
1288 2239 1419 2299 loco
1443 2248 1562 2298 tres
1584 2237 1887 2298 continuos
1900 2236 2026 2295 dies
2049 2235 2254 2313 exigit,
2273 2253 2487 2312 magno
2511 2250 2645 2292 cum

756 2340 917 2391 metu
961 2333 1281 2413 legatorum
1312 2357 1386 2395 ne
1421 2334 1598 2396 avelli
1630 2332 1766 2392 inde
1808 2353 1926 2393 non
1966 2339 2179 2412 posset,
2221 2330 2379 2411 quod
2419 2338 2544 2389 toto
2574 2347 2646 2387 eo

758 2435 1016 2508 tempore
1042 2431 1119 2491 ad
1142 2440 1448 2492 consuetos
1470 2432 1635 2492 cibos
1665 2450 1777 2490 non
1813 2437 2159 2496 reverterat3
2203 2426 2388 2486 donec
2412 2424 2646 2503 navigio

439 2523 582 2572 Ovid.
755 2523 1045 2586 redditum
1075 2548 1291 2607 magna
1318 2548 1452 2588 cum
1487 2527 1791 2587 alacritate
1818 2524 2076 2584 Romam
2101 2521 2452 2582 detulerunt.
2536 2520 2646 2580 Ad

753 2623 1149 2698 spectaculum
1193 2624 1551 2685 incredibilis
1579 2622 1663 2682 rei
1686 2629 1814 2681 tota
1838 2619 2026 2680 effusa
2048 2618 2308 2688 civitate,
2345 2618 2558 2697 possim
2583 2618 2643 2677 in

754 2722 883 2802 ripa
908 2719 1161 2780 fluminis
1175 2742 1294 2801 quo
1313 2720 1744 2781 subvehebatur
1765 2717 1968 2798 positae
1985 2735 2101 2775 arae
2127 2722 2282 2785 sunt,
2300 2715 2643 2794 accensique

755 2817 981 2885 odores,
1024 2824 1086 2874 et
1124 2817 1379 2876 victimae
1405 2835 1595 2874 caesae.
1657 2813 1796 2873 Jam
1824 2812 1901 2870 ad
1927 2831 2060 2870 eum
2085 2811 2274 2870 locum
2301 2818 2644 2890 perventum

755 2920 902 2979 erat,
937 2911 1036 2969 ubi
1061 2911 1280 2971 divisus
1309 2909 1540 2970 modico
1571 2908 1877 2969 intervallo
1903 2907 2131 2967 Tiberis
2154 2906 2399 2966 insulam
2424 2905 2638 2974 efficit;

754 3026 888 3065 cum
930 3005 1137 3066 relicta
1176 3027 1326 3067 nave
1367 3025 1603 3087 serpens
1630 3024 1764 3065 eam
1806 3004 2075 3074 insulam,
2109 3024 2242 3083 quae
2273 3012 2405 3083 post
2434 3003 2641 3061 AEscu-

753 3101 895 3182 lapii
938 3111 1153 3162 vocata
1193 3113 1303 3175 est,
1347 3111 1551 3162 natatu
1591 3110 1815 3182 petens,
1856 3100 2014 3160 cerni
2059 3099 2298 3159 ulterius
2340 3099 2416 3158 ab
2458 3098 2642 3157 homi-

420 3273 427 3278 ,
753 3198 925 3257 nibus
953 3198 1145 3260 desiit.
1230 3200 1446 3259 Patres
1477 3197 1771 3258 delectum
1797 3217 1835 3257 a
1860 3196 1998 3256 Deo
2027 3195 2218 3255 locum
2261 3194 2641 3274 interpretati,

434 3292 540 3342 Liv.
568 3295 699 3360 Epir.
753 3293 1156 3366 decreverunt,
1186 3305 1285 3356 ‘ut
1304 3296 1511 3356 eadem
1538 3296 1598 3354 in
1622 3293 1760 3355 sede
1785 3292 2066 3373 templum
2096 3290 2434 3372 AEsculapio
2457 3299 2641 3349 strue-

755 3394 951 3454 retur.’
1032 3391 1254 3463 Morbi,
1296 3393 1418 3453 sive
1454 3391 1559 3451 illa
1593 3411 1728 3471 ope,
1761 3392 1883 3451 sive
1923 3389 2082 3469 quod
2113 3388 2372 3467 alioquin
2401 3385 2640 3446 desituri

431 3502 730 3553 Tabuitmar-
752 3485 1005 3560 fuerant,
1031 3509 1349 3551 cessavere.
1432 3487 1743 3569 Templum
1767 3504 1906 3545 mox
1933 3485 2253 3563 insignibus
2274 3482 2549 3554 donariis,
2580 3490 2642 3541 et

432 3582 511 3615 ¹¹²⁰
535 3600 550 3616 ·
579 3570 709 3647 ἘΜ
753 3581 1070 3656 hominum,
1087 3586 1185 3665 qui
1212 3585 1479 3645 remediis
1503 3583 1854 3643 salutaribus
1873 3583 1949 3641 ab
1973 3602 2045 3641 eo
2061 3581 2296 3641 numine
2322 3601 2383 3639 se
2407 3579 2642 3660 adjutos

431 3696 492 3743 de
545 3698 664 3748 Arte
692 3668 706 3682 ⁹
751 3677 1034 3752 ferebant,
1062 3681 1474 3762 praedicatione
1488 3679 1860 3740 nobilitatum
1887 3688 1993 3739 est.

433 3760 683 3826 Gymnffl·
830 3783 932 3838 15.
978 3777 1049 3837 L.
1078 3777 1419 3837 Postumius
1455 3775 1661 3837 consul
1692 3775 2044 3855 superbiam,
2088 3773 2145 3832 in
2179 3774 2322 3833 urbe
2364 3771 2641 3832 adversus

436 2963 629 3035 Sueton.

436 3051 606 3101 Claud.
627 3056 709 3102 2⁵.

435 3857 726 3974 fiionymp.
751 3872 1037 3952 collegam
1089 3894 1257 3934 suum
1295 3873 1636 3943 exercitam,
1679 3872 1857 3931 etiam
1900 3870 1956 3929 in
2002 3870 2360 3949 provinciam
2404 3868 2636 3931 detulit.

525 3987 591 4020 e·-
754 3967 907 4026 Cum
956 3969 1107 4029 enim
1160 3968 1241 4035 Q.
1289 3969 1508 4029 Fabius
1560 3967 1813 4047 Gurges,
1866 3966 1967 4046 qui
2009 3964 2194 4044 priore
2236 3984 2390 4024 anno
2434 3963 2637 4024 consul

750 4159 984 4210 fierihoc
1016 4161 1129 4210 sine
1147 4162 1352 4212 numine
1378 4161 1483 4212 uilo
1505 4162 1648 4211 Deo·-
1729 4158 1991 4210 Lucienus
2046 4156 2099 4206 in
2154 4156 2466 4215 Alexandro,
2523 4157 2636 4209 cive

751 4239 861 4276 rum
912 4226 1157 4291 potuerit,
1197 4227 1401 4292 egregie
1443 4223 1652 4279 docebit
1730 4223 2119 4276 Pueudomsnti.
2182 4222 2411 4273 Clericus.
