3025 4892
486 311 660 380 156⁰

1439 326 1523 381 x'l'·
1574 328 1642 378 121
1657 329 1692 375 V
1703 325 1761 377 11

486 470 613 520 mor.
632 477 757 523 ¹1·²·
811 472 1055 535 edoctus
1095 493 1134 534 a
1172 473 1424 555 pueritia
1462 473 1823 534 excellenter
1865 473 2079 545 fuerat,
2117 485 2285 533 usum
2324 473 2408 533 rei
2442 473 2714 534 militaris

486 568 662 636 Polyb.

485 1819 658 1885 ionar-

488 2022 667 2089 Polyb.

813 571 970 632 haud
1022 570 1351 632 inferiorem
1402 570 1774 649 adjunxerat.
1883 568 2001 629 Ille
2046 570 2224 630 rebus'
2268 591 2404 651 quae
2453 591 2712 651 eousque

812 678 992 748 gestie
1032 677 1202 729 erant
1237 667 1569 739 intellectis,
1611 677 1674 727 et
1712 666 1939 748 reliquo
1982 666 2349 728 Punicarum
2382 669 2711 748 copiarum,

811 765 1280 847 elephantorum,
1321 767 1585 847 equitum
1626 774 1913 847 apparatu
1954 765 2214 845 cognito,
2257 784 2373 825 non
2413 765 2716 825 dubitavit

802 864 1034 942 jactare
1058 863 1279 944 palam,
1310 873 1327 900 ‘
1349 862 1864 943 Carthaginienses
1887 882 2002 922 non
2030 882 2067 922 a
2094 860 2408 933 Romanis,
2427 861 2533 921 sed
2559 882 2597 922 a
2617 882 2712 921 se·

812 961 1073 1041 metipsis
1111 961 1299 1021 victos
1338 981 1485 1031 esse,
1530 981 1634 1042 per
1676 960 2025 1041 imperitiam
2062 958 2323 1030 ducum„
2345 958 2447 1037 qui
2491 959 2716 1019 viribus
2824 1027 2841 1046 ·

809 1057 930 1118 suis
972 1057 1058 1117 uti
1103 1058 1520 1118 nescivissent?
1629 1055 1775 1117 Hoc
1820 1075 2082 1117 sermone
2133 1054 2403 1116 celeriter
2445 1055 2712 1134 vulgato,

808 1162 1054 1215 vocatus
1094 1175 1133 1215 a
1176 1155 1612 1234 magistratibus
1656 1153 2065 1235 Xanthippus,
2110 1153 2365 1212 rationes
2406 1154 2715 1214 sententia:

808 1270 930 1311 suae
971 1253 1186 1333 promit
1224 1260 1349 1313 tam
1389 1251 1712 1322 evidentes,
1738 1260 1806 1312 ut
1838 1270 2019 1333 prope
2058 1250 2327 1311 manibus
2361 1252 2715 1311 contrectari

810 1348 1051 1428 possint.
1133 1348 1212 1409 In
1250 1348 1545 1409 faciundis
1580 1349 1900 1418 itineribus,
1948 1349 2006 1407 in
2044 1347 2250 1408 castris
2297 1347 2605 1428 ponendis-⁸,
2654 1349 2713 1408 in

810 1443 1026 1525 praeliis
1062 1445 1520 1518 committendis,
1549 1444 1683 1506 loca
1708 1466 1938 1527 prorsus
1972 1443 2343 1506 incommoda
2362 1443 2545 1523 deligi
2570 1465 2713 1505 con-

807 1541 1060 1602 suevisse
1100 1542 1291 1603 docet.
1378 1541 1446 1603 Si
1484 1563 1656 1603 suum
1697 1541 2005 1603 consilium
2036 1540 2305 1613 audiant,
2332 1561 2449 1620 nen
2487 1541 2713 1602 incolu-

809 1637 1074 1699 mitatem
1115 1639 1315 1710 modo,
1341 1639 1447 1701 sed
1480 1640 1663 1700 etiam
1703 1639 2009 1701 victoriam
2050 1639 2354 1719 promittit.
2440 1637 2717 1700 Probent

810 1734 966 1795 banc
1006 1737 1354 1797 sententiam
1393 1757 1529 1798 eum
1569 1736 1748 1797 ceteri
1789 1735 2048 1796 civitatis
2090 1735 2398 1816 principes,
2436 1743 2564 1794 tum
2603 1737 2713 1817 ipsi

810 1829 1026 1894 duces:
1077 1842 1139 1893 et
1163 1832 1449 1894 laudabili
1474 1834 1765 1894 modestia
1789 1833 1994 1914 patriae
2019 1831 2196 1892 saluti
2219 1851 2384 1892 suam
2409 1833 2715 1893 existima-

810 1928 1029 1992 tionem
1070 1931 1507 2011 posthabentes,
1532 1930 1756 1991 homini
1796 1930 2100 2011 peregrino
2121 1927 2501 1989 deserendum
2527 1931 2715 2011 impe-

813 2026 962 2087 rium
987 2027 1280 2088 exercitus
1303 2029 1394 2087 sui
1419 2027 1792 2088 consentiunt
1817 2026 2321 2107 consciscuntque.

893 2130 995 2185 28.
1037 2124 1425 2206 Xanthippus
1464 2133 1712 2206 accepta
1751 2131 2041 2205 potestate
2075 2123 2339 2205 quotidie
2378 2122 2598 2184 milites
2636 2144 2714 2184 ex

814 2220 958 2280 urbe
997 2219 1275 2294 educens,
1315 2221 1740 2302 campestribus
1779 2220 2074 2281 exercitiis
2113 2220 2191 2281 ad
2231 2219 2547 2281 servandos
2584 2242 2714 2302 per-

813 2317 1198 2379 mutandosve
1221 2317 1476 2389 ordines,
1503 2317 1837 2398 ducumque
1853 2320 2025 2398 jussa
2046 2315 2314 2378 celeriter
2339 2318 2714 2397 exequenda,

813 2413 1160 2476 assuefacit:
1208 2416 1416 2497 copias
1455 2415 1610 2476 hanc
1652 2413 2024 2496 disciplinam
2063 2433 2200 2474 cum
2242 2415 2432 2496 priore
2471 2434 2716 2497 compa·

812 2521 1008 2573 rantes
1055 2511 1443 2572 admiratione
1489 2513 1604 2582 sui,
1650 2511 1989 2591 fiduciaque
2030 2510 2287 2572 melioris
2324 2509 2542 2572 deinde
2582 2532 2751 2573 mes

813 2627 1009 2669 cemus
1046 2607 1286 2690 implet:
1328 2617 1457 2669 tota
1495 2609 1707 2670 civitas
1744 2617 2009 2669 recreata
2049 2627 2125 2668 ex
2154 2608 2329 2669 rebus
2355 2607 2478 2668 fere
2507 2607 2719 2690 despe-

811 2705 955 2765 ratis
978 2703 1056 2765 ad
1082 2706 1551 2786 expectationem
1576 2704 1755 2766 futuri
1778 2704 2039 2784 erigitur.
2125 2703 2312 2765 Hanc
2346 2705 2717 2765 alacritatem

809 2801 1072 2861 omnium
1114 2801 1214 2861 ubi
1240 2802 1421 2863 duces
1443 2802 1671 2875 vident,
1698 2802 1895 2863 animo
1919 2811 1983 2863 et
2005 2801 2118 2884 ipsi
2140 2811 2381 2883 recepto
2402 2801 2464 2861 in
2488 2801 2718 2862 bostem

811 2896 1021 2957 iterum
1044 2895 1258 2958 ducere
1283 2900 1682 2961 constituunt:
1724 2919 1976 2980 suosque
2003 2899 2091 2959 uti
2121 2907 2352 2981 tempus
2378 2897 2719 2979 postulabat

812 2991 1131 3063 adhortati,
1156 3014 1291 3054 cum
1330 2993 1645 3056 duodecim
1687 2995 1808 3057 fere
1853 2995 2114 3057 millibus
2151 2994 2438 3076 wditusm
2465 3007 2719 3075 quatuor

812 3089 1099 3168 equitum,
1125 3099 1188 3150 et
1224 3091 1554 3173 elephantis
1595 3113 1711 3153 non
1738 3092 1924 3155 multo
1949 3092 2322 3174 paucioribus
2344 3100 2583 3152 centum
2609 3091 2715 3152 ad-

811 3206 1009 3247 versus
1054 3185 1365 3249 Romanos
1407 3188 1874 3270 progrediuntur.
1978 3188 2289 3250 Romanos
2330 3206 2510 3248 unum
2564 3187 2716 3249 illud

811 3284 1109 3355 movebat,
1137 3285 1297 3364 quod
1325 3285 1591 3347 instituto
1616 3285 1806 3367 priore
1833 3294 2059 3350 mutato
2091 3285 2335 3357 Poenm,
2362 3285 2564 3345 vitatis
2586 3284 2715 3345 edi·

811 3377 1057 3440 tioribus
1097 3383 1431 3461 asperisque
1473 3382 1642 3454 locis,
1687 3403 1791 3464 per
1830 3382 2011 3464 plana
2045 3401 2389 3464 camporum
2431 3379 2717 3442 videbant

811 3473 1120 3537 incedere:
1163 3477 1267 3538 sed
1295 3489 1579 3560 perpetua
1605 3478 1889 3539 felicitate
1915 3478 1977 3538 in
2002 3478 2337 3559 superbiam
2361 3475 2527 3549 elati,
2556 3478 2712 3538 vinci

809 3568 1015 3634 solitas
1038 3574 1240 3657 copias
1263 3574 1682 3655 ductoremque
1711 3574 2058 3636 Graeculam
2081 3573 2510 3656 despiciebant.
2578 3572 2711 3634 Ne-

807 3687 925 3748 que
952 3668 1224 3751 Regulus
1248 3673 1504 3734 intactus
1528 3681 1658 3733 erat
1679 3672 1793 3732 boc
1818 3671 2066 3733 fortunae
2089 3671 2466 3751 obsequentis
2488 3669 2712 3731 blando

807 3786 1057 3831 veneno.
1140 3767 1334 3847 Igitur
1371 3789 1508 3829 cum
1551 3789 1615 3829 se
1655 3768 1978 3830 maritimas
2021 3767 2343 3829 Poenorum
2376 3766 2549 3838 vires,
2576 3787 2710 3827 cum

485 3874 783 3926 Anctdsvir.
808 3863 1103 3944 pedestres
1152 3864 1409 3944 Regiae,
1457 3865 1683 3947 oppida
1729 3863 1911 3925 seme
1962 3864 2239 3934 ducenta,
2285 3864 2587 3924 bominum
2634 3861 2707 3924 ad

482 3940 688 3994 illusae.
702 3945 786 3993 ⁴⁰·
807 3958 1064 4020 ducenta
1103 3960 1292 4021 millia
1330 3961 1579 4042 cepisse,
1609 3962 1928 4042 urbemque
1971 3963 2156 4042 ipsam
2194 3960 2494 4021 Punicam
2535 3961 2709 4021 variis

809 4056 1192 4117 incommodis
1233 4058 1598 4119 laborantem
1633 4060 1768 4138 cogi
1810 4058 1890 4119 ad
1928 4056 2291 4119 deditionem
2333 4076 2503 4138 posse
2538 4077 2704 4138 repu-

812 4160 998 4222 taret:
1063 4173 1271 4236 pacem
1333 4154 1627 4217 tolerabili
1682 4154 2017 4219 conditione
2069 4154 2400 4239 petentibus
2449 4155 2702 4236 negavit,
