3025 4892
441 367 617 435 1438

470 1310 684 1377 Appian-

834 385 907 433 τ.
953 358 1141 433 mvn
1194 381 1397 432 unm
1449 381 1596 432 xu.
1643 379 2298 431 suspensurum·

760 533 886 605 sed,
928 534 1069 614 quia
1105 532 1306 593 multis
1344 532 1437 591 ab'
1465 531 1636 591 annis
1671 530 1966 592 Messanae
2006 530 2401 601 habitaverat,
2428 530 2653 609 origine

761 651 876 691 non
908 629 1101 690 Decio
1120 639 1368 701 tantum,
1392 648 1691 708 nunquam
1729 628 1840 688 ulli
1866 628 2270 707 Rheginorum
2296 648 2357 687 se
2382 628 2652 688 commis-

758 748 914 800 suro,
942 726 1047 787 sed
1073 727 1368 808 plerisque
1387 725 1655 804 ejusdem
1679 726 1839 785 urbis
1862 726 2074 786 incolis
2098 725 2482 806 incomperta.
2531 723 2652 785 Ille

761 843 978 884 memor
1024 826 1252 906 patriae,
1300 833 1363 883 et
1404 824 1650 902 injurias
1686 824 1818 901 ejus
1856 822 2063 883 ulcisci
2100 831 2315 894 certum,
2342 821 2657 902 persuadet

759 921 1006 993 homini,
1033 942 1096 981 se
1122 929 1415 981 strenuum
1434 920 1674 1017 quidem
1693 920 1899 981 afferre
1922 919 2262 990 romaicum,
2283 920 2389 979 sed
2413 928 2655 981 eventus

762 1019 897 1090 tuti,
928 1018 1362 1098 celerrimaeque
1391 1015 1691 1078 efficaciae.
1778 1017 1881 1078 Sic
1918 1017 2161 1077 admoto
2194 1016 2652 1089 medicamento,

763 1115 924 1195 q‘uod
968 1115 1395 1177 cantharidum
1424 1135 1601 1175 succo
1648 1116 2099 1196 temperaverat,
2144 1115 2444 1195 vetitoque
2497 1113 2652 1186 tolli,

762 1213 1099 1293 priusquam
1136 1213 1262 1294 ipse
1303 1233 1567 1273 reversus
1605 1212 1683 1272 ad
1723 1232 1942 1291 aegrum
1976 1220 2151 1284 esset,
2176 1211 2303 1270 sine
2325 1231 2490 1271 mora
2512 1212 2664 1271 coni

760 1329 966 1370 scenso
981 1310 1254 1388 navigio,
1281 1329 1359 1369 ex
1385 1310 1529 1369 urbe
1554 1308 1835 1370 Messana
1858 1308 2136 1391 profugit.
2221 1307 2444 1368 Decius
2468 1309 2654 1369 incre·

760 1405 932 1465 dibili
956 1406 1161 1466 dolore
1186 1406 1331 1467 satis
1354 1405 1458 1466 diu
1482 1405 1755 1478 tolerato,
1783 1415 2094 1487 postquam
2121 1404 2384 1467 medicus
2409 1426 2526 1466 non
2563 1426 2653 1466 re-

759 1501 873 1574 dit,
897 1504 1155 1564 amoveri
1180 1502 1493 1585 collyrium
1507 1504 1724 1582 jubet:
1785 1523 1858 1563 eo
1896 1503 2113 1575 diluto,
2139 1502 2458 1564 luminibus
2480 1504 2652 1563 orba-

760 1608 884 1660 tum
929 1621 993 1660 se
1042 1600 1275 1681 reperit.
1387 1600 1490 1661 Ita
1536 1598 1790 1671 infamis,
1838 1600 2003 1673 exul,
2046 1609 2394 1672 contemtus,
2440 1600 2653 1672 caecus,

763 1697 961 1759 animo
984 1706 1051 1758 et
1071 1717 1313 1779 corpore
1348 1716 1527 1776 aegro,
1561 1705 1845 1777 tanquam
1883 1684 2137 1758 vinculis
2177 1698 2548 1769 constrictus,
2574 1697 2666 1758 ad·

764 1813 994 1874 poenam
1016 1800 1315 1856 servatur:
1359 1795 1506 1854 miro
1531 1792 1792 1874 quodam
1812 1793 2030 1855 divinae
2048 1793 2289 1855 ultionis
2313 1796 2570 1873 ingenio,
2591 1794 2666 1855 ut'

765 1890 844 1949 ab
860 1911 956 1962 eo,
970 1892 1068 1953 cui
1083 1892 1334 1953 salutem
1347 1911 1512 1952 suam
1529 1890 1880 1963 crediderat,
1896 1890 2127 1952 cladem
2143 1892 2316 1952 istam
2336 1894 2654 1973 pateretur,

762 1988 867 2066 qui
906 1990 1067 2069 prius
1107 1990 1254 2069 ipse,
1282 2009 1431 2069 quos
1452 1989 1620 2048 'tueri
1653 1987 1959 2060 debuerat,
1987 1989 2352 2049 immanitate
2377 1988 2654 2070 perfidia-

762 2102 880 2161 que
902 2085 1394 2146 circumvenisset.
1479 2084 1637 2151 Quae
1660 2084 2016 2147 documenta
2047 2086 2306 2147 historiis
2326 2086 2668 2165 consignari·

763 2181 1035 2262 tradique
1061 2184 1292 2262 generis
1316 2183 1554 2243 humani
1592 2183 1855 2254 interest,
1879 2184 1974 2244 cui
2013 2202 2310 2263 nunquam
2343 2184 2490 2243 satis
2522 2204 2658 2264 per·-

760 2279 1057 2351 snadetur,
1107 2288 1392 2359 quantum
1443 2300 1481 2341 a
1530 2284 1702 2341 recta'
1738 2279 2060 2361 prudentiae
2107 2282 2347 2342 ratione‘
2385 2281 2542 2340 absit
2584 2302 2659 2342 ea

760 2376 1081 2449 calliditas,
1108 2398 1213 2457 per
1235 2397 1413 2458 quam
1438 2377 1519 2438 ob
1540 2376 1695 2439 falsa
1719 2377 1990 2456 quiedam
2009 2378 2167 2437 bona
2182 2379 2396 2438 virtute
2419 2377 2658 2458 fideque

767 2474 999 2556 spretis,
1019 2494 1123 2556 per
1144 2474 1331 2537 foedas
1352 2483 1415 2537 et
1437 2475 1668 2556 iniquas
1692 2473 1968 2535 libidines
1989 2475 2050 2535 in
2078 2478 2219 2536 vera
2242 2474 2402 2535 mala
2425 2476 2631 2536 ruitur.
