3025 4892
641 334 813 402 1958
1200 339 1225 436 ⁸.
1570 352 1640 399 τ.
1689 351 1875 401 mvn

641 517 808 563 usus
836 502 994 562 erat.
1081 496 1251 561 Inde
1281 496 1563 581 primum
1608 496 1800 562 saxis
1829 494 2245 579 sudibusque
2281 499 2348 560 et
2387 493 2611 559 ceteris
2633 493 2756 557 mis·

639 598 875 663 silibus
932 606 1465 682 propugnatores
1521 599 1776 662 moenia
1836 604 2040 681 atque
2091 599 2323 663 urbem
2345 605 2366 636 ¹
2427 596 2754 661 tuebantur:

640 706 1004 782 postremo,
1044 699 1161 763 ubi
1206 699 1657 782 promovendo
1703 698 2079 783 adjunctam
2125 718 2315 763 muro
2351 697 2634 763 viderunt
2657 703 2756 760 tur·

638 821 797 878 rem,
823 800 1084 865 facibus
1117 800 1503 864 ardentibus
1533 799 1889 882 plurimum
1912 802 2108 866 simul
2133 802 2347 884 ignem
2369 799 2754 883 conjecerunt.

642 903 801 983 Quo
840 901 1148 967 incendio
1185 901 1448 987 trepida
1488 910 1893 968 armatorum
1931 902 2281 968 multitudo
2321 922 2470 967 cum
2510 899 2586 965 de
2619 906 2756 963 turre

641 1023 789 1069 sese
818 1003 1289 1088 praecipitaret,
1333 1003 1594 1086 eruptio
1623 1022 1713 1067 ex
1745 1002 2001 1087 oppido
2041 1003 2244 1068 simul
2272 1001 2524 1067 duabus
2547 998 2758 1084 portis²

640 1108 963 1173 stationes
1011 1106 1298 1170 hostium
1348 1103 1534 1173 fudit.
1570 1105 1963 1191 fugavitque
2010 1106 2077 1170 in
2134 1110 2391 1186 castra3
2447 1110 2522 1169 nt
2566 1122 2638 1168 eo
2676 1101 2758 1166 die

640 1211 943 1286 obsesso,
989 1225 1192 1292 quam
1219 1205 1577 1284 obsidenti,
1620 1205 1896 1272 similior
1921 1212 2100 1272 esset
2128 1205 2408 1272 Poenus.
2493 1204 2596 1269 Ad
2621 1202 2760 1268 mille

640 1310 912 1377 trecenti
935 1317 957 1357 ³
1019 1308 1651 1391 Carthaginiensium
1708 1310 1896 1388 caesi,
1970 1315 2037 1374 et
2090 1308 2611 1391 undesexaginta
2657 1303 2762 1369 vivi

637 1413 856 1498 capti3
900 1412 1040 1496 qui,
1080 1413 1260 1477 circa
1302 1430 1527 1476 muros
1570 1416 1642 1476 et
1687 1411 1758 1475 in
1794 1411 2199 1477 stationibus
2241 1410 2465 1476 solute
2503 1428 2580 1474 ac
2603 1406 2763 1489 negli-

638 1521 863 1597 genter
891 1520 1192 1596 agentes,
1230 1531 1383 1577 cum
1415 1510 1582 1576 nibil
1610 1512 1855 1590 minus,
1903 1531 2104 1596 qnam
2132 1512 2569 1598 eruptionem,
2612 1512 2764 1573 timu·

637 1617 871 1693 issent,
929 1633 1016 1679 ex
1058 1615 1423 1698 improviso
1467 1603 1776 1698 oppressi
1805 1613 2117 1680 fuerant.4
2202 1613 2553 1681 Gracchus
2595 1612 2764 1696 prins,

638 1736 838 1801 qnam
884 1736 959 1780 se
998 1716 1228 1781 hostes
1265 1717 1348 1781 ab
1392 1717 1745 1800 repentino
1773 1734 2028 1800 pavore
2065 1718 2475 1799 colligerent,
2519 1711 2765 1796 receptui

637 1819 894 1901 signum
950 1816 1150 1896 dedit,
1199 1837 1280 1884 ac
1331 1838 1496 1884 snos
1542 1818 1715 1885 intra
1750 1838 1976 1884 muros
2019 1821 2300 1903 recepit.
2389 1817 2657 1882 Postero
2682 1814 2766 1878 die

638 1919 999 1999 Hannibal,
1028 1921 1258 1986 laetum
1276 1927 1301 1968 ⁵
1332 1921 1630 1987 secunda
1658 1930 1769 1988 re?
1797 1922 2130 1988 consulem
2148 1921 2342 2006 justo
2371 1919 2600 2004 praelio
2624 1924 2767 1981 rates

637 2027 1060 2100 certaturum,
1094 2024 1310 2089 aciem
1330 2021 1504 2088 inter
1532 2029 1751 2089 castra
1778 2030 1982 2107 atque
2008 2022 2252 2088 urbem
2265 2020 2596 2087 instruxit.
2669 2015 2766 2081 Ce-

638 2131 848 2189 terum
874 2130 1231 2209 postquam
1272 2125 1596 2189 neminem
1637 2122 1890 2191 moveri
1929 2125 2017 2189 ab
2056 2124 2259 2189 solita
2293 2122 2604 2188 custodia
2629 2118 2767 2185 urbis

634 2225 821 2303 vidit,
856 2244 980 2291 nec
1032 2225 1358 2290 committi
1410 2225 1776 2308 quicquam
1827 2223 2197 2290 temerariae
2244 2221 2421 2307 spei,
2467 2221 2550 2287 ad
2589 2219 2768 2285 'lifata

632 2326 806 2392 redit
831 2326 1076 2393 infecta
1105 2345 1198 2391 re.
1287 2325 1560 2405 Quibus
1590 2326 1828 2393 diebus
1858 2325 2090 2392 Cumae
2116 2326 2426 2392 liberatae
2457 2329 2608 2387 sunt
2631 2318 2770 2385 obsi·

636 2428 853 2507 dione,
895 2430 1132 2495 iisdem
1172 2427 1451 2496 diebus⁶
1497 2436 1567 2495 et
1601 2430 1672 2494 in
1716 2430 2013 2496 Lucanis
2051 2427 2140 2494 ad
2179 2426 2651 2494 Grumentqu
2684 2420 2768 2486 Ti.

635 2529 1091 2615 Sempronius,
1157 2530 1271 2596 cui
1328 2530 1566 2614 Longo
1624 2549 1984 2613 cognomen
2046 2535 2210 2607 erat,
2274 2548 2427 2595 cum
2488 2527 2769 2594 Hannone

634 2633 856 2699 Poeno
899 2653 1216 2719 prospere
1263 2640 1538 2718 pugnat.
1625 2633 1846 2717 Supra
1893 2632 2029 2699 duo
2066 2632 2279 2697 millia
2326 2630 2650 2696 bostium⁷
2684 2643 2770 2689 oe-

633 2735 817 2812 cidit,
856 2744 925 2801 et
965 2736 1285 2801 ducentos
1315 2736 1660 2818 octoginta
1685 2734 1931 2799 milites
1962 2733 2188 2799 amisit
2209 2751 2232 2794 t
2272 2734 2465 2815 signa
2503 2726 2771 2795 militaria

633 2837 721 2904 ad
751 2838 1187 2921 quadraginta
1215 2857 1415 2903 unum
1438 2837 1641 2921 cepit.
1701 2835 1956 2901 Pulsus
1976 2835 2223 2901 finibus
2247 2834 2544 2899 Lucanis
2565 2830 2770 2896 Hanno

630 2944 808 3003 retro
836 2939 906 3003 in
939 2940 1240 3006 Bruttios
1282 2958 1433 3005 sese
1460 2939 1727 3022 recepit.
1813 2937 1904 3003 Et
1931 2957 2020 3003 ex
2049 2936 2372 3022 Hirpinis.
2390 2935 2636 3021 oppida
2656 2931 2771 3006 (¹¹5⁸,

1529 3116 1804 3137 mm
1810 3117 1898 3138 ΝΟ

629 3252 725 3297 —l
758 3246 844 3297 Aa.
881 3252 1252 3360 propugnatores
1293 3250 1453 3300 urbem
1487 3266 1546 3299 ec
1581 3250 1868 3301 munim—2
1891 3295 1894 3298 .
1917 3248 2057 3300 Add.
2077 3250 2220 3309 saeta
2257 3247 2391 3299 ΕΜ.
2428 3253 2551 3298 ante
2589 3244 2773 3296 Drah-

631 3316 662 3361 8
700 3312 899 3361 CCCC.
939 3313 1016 3361 Ed
1060 3346 1073 3361 .
1112 3319 1233 3363 aute
1269 3313 1501 3364 Gronov.
1543 3321 1774 3365 trecento·
1812 3314 2039 3366 Gronov.
2070 3315 2284 3379 Donjat.
2307 3314 2544 3364 Crevier.
2565 3307 2773 3361 maxine

630 3378 881 3439 sexaginta
906 3376 1034 3427 Edd.
1058 3383 1186 3428 vett.
1241 3380 1363 3428 mdc
1382 3379 1700 3442 quadraginta
1721 3379 1833 3429 rell.
1850 3387 1970 3429 ante
1993 3378 2324 3429 otonem-⁴
2358 3377 2445 3428 ΑΙ.
2460 3375 2660 3441 oppressi
2671 3375 2772 3421 Μ-

629 3447 724 3490 —5
758 3442 955 3491 Elatum
978 3440 1113 3492 Edd.
1137 3449 1260 3493 ante
1283 3443 1550 3493 Dalm—6
1584 3442 1822 3494 Alterum
1859 3443 2025 3494 diebu
2046 3442 2324 3496 delendum
2359 3456 2477 3493 esse
2505 3446 2670 3491 ceam
2691 3436 2773 3486 R·-

1615 3589 1835 3641 80⁹1·AE

694 3691 722 3727 P
754 3684 1018 3749 Hannibal,
1039 3686 1200 3735 laeum
1239 3682 1464 3751 [emm]
1484 3688 1688 3737 manda
1763 3688 1965 3739 tenente
1985 3688 2051 3738 ad
2084 3686 2222 3739 Sin-in
2256 3699 2480 3746 amnem,
2500 3683 2651 3746 vulgo
2668 3679 2772 3731 Sia·-

627 3762 706 3825 re]
752 3763 928 3825 Negat
947 3763 1238 3813 Gronovius
1273 3764 1326 3812 in
1355 3763 1483 3812 Mas.
1504 3760 1686 3827 legi-rb
1764 3763 2067 3814 Holsteniue
2117 3760 2243 3813 illud
2295 3759 2612 3824 probabilia·
2659 3754 2773 3822 petit

627 3837 835 3886 ahtan.-
866 3844 1175 3904 constatque
1207 3839 1334 3888 satie
1355 3837 1553 3903 absque
1584 3839 1686 3890 boc
1762 3839 1901 3889 inter
1920 3840 2256 3904 saponaram,
2277 3837 2346 3887 ad
2380 3836 2618 3887 dextram
2636 3830 2772 3884 seiri·

631 3912 906 3961 tententia-
1679 3927 1690 3948 ³
1762 3915 1873 3965 aive
1895 3915 2024 3980 Agri
2049 3912 2104 3965 fl.
2126 3913 2216 3965 nbi
2245 3911 2466 3963 nominis
2491 3909 2694 3974 vestigia
2709 3918 2772 3954 a·

693 3995 721 4030 ἱ
750 3986 834 4037 Διὶ
853 3987 1191 4053 mean]
1219 3990 1339 4041 Hoc
1362 3990 1679 4040 Lucanorum
1767 4000 1983 4054 pereunt
2013 3991 2067 4041 iu
2102 3991 2216 4040 loeo
2252 3989 2341 4054 qnl
2371 4001 2506 4039 nnnc
2537 3986 2773 4049 Agra-d·-

629 4063 876 4128 oppidum
911 4063 1239 4128 Apenninum
1270 4068 1407 4120 inter
1427 4074 1482 4116 et
1512 4067 1679 4118 sinum
1762 4079 1921 4132 supra
1942 4065 2124 4119 ducale
2143 4063 2394 4130 oppidum
2422 4062 2578 4126 fimi,
2594 4061 2641 4111 in
2661 4056 2775 4110 nni·

628 4139 986 4197 Tarentinum,
1020 4141 1258 4207 interque
1294 4142 1590 4193 Potentiam
1615 4158 1679 4194 ae
1760 4142 1939 4195 licata.

627 4215 842 4266 Tbnrioa
861 4212 977 4267 fnit.
1030 4216 1274 4269 Cluverio
1293 4226 1373 4270 eat
1393 4217 1547 4282 bodie
1568 4218 1678 4269 Gla·
