3025 4892
475 372 650 440 1424
1450 391 1523 438 τ’.
1573 390 1763 440 mvn

544 558 675 606 Plin.
804 537 1063 598 maxime
1105 538 1491 609 memorabili,
1527 559 1683 609 cum,
1715 536 2035 599 Thurinam
2079 538 2278 598 urbem
2321 536 2529 597 iterum
2567 558 2698 618 pre·

626 626 746 673 v..6
806 644 1001 695 mente
1030 626 1227 696 Statio
1253 635 1516 705 Statilio,
1544 635 1725 714 signis
1747 635 1984 697 collatis
2005 636 2346 696 dimicatum
2371 643 2500 704 est;
2530 635 2701 695 fusis-

480 638 668 866 Αγὲζ
643 688 784 804 33⁸¹}
805 752 922 812 que
949 752 1163 810 magna
1187 753 1323 792 cum
1348 742 1542 810 strage
1568 733 1853 803 hostibus,
1882 732 2012 813 ipsa
2033 732 2214 792 etiam
2246 742 2443 792 castra
2473 752 2698 813 expug-

533 833 641 866 mm!
644 833 722 866 lon

476 829 2701 1007 {12:202ae22ssm⁰ffffssssssa¹sssssffifffflz.¹‡f‘;·:‡¹::¹.mq:.⁸3..?:..‘3033‚.

805 1021 881 1080 ris
894 1024 1143 1100 Juvene,
1172 1022 1482 1082 Romanos
1506 1024 1797 1083 animatos
1832 1023 2069 1104 plenam
2102 1022 2409 1082 victoriam
2439 1031 2700 1103 reporta-

804 1118 972 1177 visse.
1059 1117 1233 1179 Caesa
1272 1118 1591 1179 dicuntur
1577 1140 1636 1179 in
1673 1120 1874 1201 praelio
1914 1129 1977 1178 et
2007 1119 2213 1178 castris
2236 1119 2489 1179 bostium
2515 1117 2705 1178 millia

803 1214 1046 1292 viginti:
1117 1216 1372 1295 quinque
1424 1216 1614 1276 millia
1663 1237 1797 1277 cum
1841 1218 1968 1296 ipso
2011 1216 2356 1296 imperatore
2408 1216 2704 1295 signisque

805 1311 1152 1371 militaribus
1175 1313 1386 1390 viginti
1410 1323 1590 1393 capta
1630 1322 1781 1372 sunt.
1867 1312 2121 1372 Postero
2161 1309 2258 1372 die
2290 1332 2426 1373 cum
2455 1311 2705 1372 donaret

804 1426 906 1467 eos
954 1407 1179 1478 consul,
1221 1429 1469 1488 quorum
1523 1409 1758 1488 insignis
1801 1428 1982 1489 opera
2030 1408 2246 1478 fuerat,
2300 1408 2702 1487 vallaremque

803 1523 1080 1565 coronam
1108 1505 1164 1564 ei
1188 1526 1251 1564 se
1276 1504 1549 1566 daturum
1573 1506 1842 1576 dixisset,
1861 1506 1962 1585 qui
1986 1514 2180 1566 castra
2205 1505 2457 1565 bostium
2486 1504 2707 1585 primus

806 1601 1277 1673 transcendisset,
1304 1604 1585 1683 quaesitus
1609 1603 1830 1683 ingenti
1855 1602 2049 1662 studio
2067 1602 2304 1682 reperiri
2326 1622 2440 1662 non
2467 1601 2658 1682 potuit
2682 1623 2701 1669 ;

804 1698 853 1757 si
919 1697 1089 1757 miles
1152 1697 1376 1771 fuisset,
1430 1700 1584 1760 ultro
1625 1721 1689 1760 se
1729 1700 2033 1760 oblaturus
2078 1699 2213 1758 huic
2259 1707 2425 1759 tanto
2466 1697 2699 1758 honori·

809 1793 1117 1855 Creditum
1144 1796 1318 1874 igitur
1341 1797 1761 1877 vulgatumque
1779 1806 1891 1866 est,
1916 1795 2177 1855 Martem
2192 1796 2382 1876 ipsum
2400 1804 2702 1855 auctorem

806 1893 937 1970 ejus
959 1891 1154 1972 operis
1177 1913 1533 1974 causamque
1559 1894 1822 1954 victoriae
1846 1892 2024 1952 fuisse
2048 1912 2063 1951 ε
2105 1892 2477 1971 consulisque
2507 1890 2708 1952 edicto

808 1988 1161 2069 supplicatio
1184 1990 1241 2049 ei
1281 1998 1371 2049 est
1400 1990 1628 2060 habita,
1655 1990 1988 2070 militesque
2036 1988 2283 2049 laureati
2314 2007 2530 2068 magna
2566 2007 2704 2049 cum

809 2084 1017 2145 laetitia
1040 2085 1433 2166 supplicatum
1461 2087 1671 2147 ierunt.

482 2197 703 2249 Ζοιιιηι.
892 2188 953 2245 7.
1023 2181 1446 2262 conspirantes
1497 2183 1776 2244 adversus
1827 2183 2169 2243 Romanum
2224 2181 2482 2264 populos
2530 2182 2709 2243 nullis

812 2278 1006 2338 adhuc
1053 2280 1295 2339 auxiliis
1325 2280 1560 2360 publice
1587 2279 1891 2341 Tarentini
1922 2283 2240 2360 juverant:
2284 2280 2388 2360 qui
2426 2281 2705 2361 praecipui

808 2373 1044 2435 foederis
1070 2376 1233 2435 istius
1259 2387 1546 2448 auctores,
1575 2386 1771 2438 tamen
1799 2378 2044 2439 aliorum
2070 2378 2370 2438 laboribus
2395 2397 2573 2458 quam
2599 2397 2708 2436 suo

799 2471 1133 2532 discrimine
1171 2473 1379 2533 lacessi
1427 2473 1707 2535 Romana
1737 2495 1922 2547 arma,
1950 2474 2210 2554 bellique
2252 2483 2527 2534 eventum
2558 2493 2703 2553 prae-

802 2570 1041 2640 tentari,
1070 2571 1391 2651 sapientius
1426 2572 1880 2634 arbitrabantur.
1965 2570 2089 2632 Sed
2117 2572 2352 2631 minime
2380 2570 2485 2630 diu
2520 2570 2710 2629 tenuit

803 2666 916 2725 ista
940 2665 1349 2738 dissimulatio,
1380 2670 1521 2747 quin
1548 2689 1689 2730 casu
1721 2669 1978 2749 quodam
2007 2669 2223 2729 insanae
2256 2667 2447 2749 plebis
2471 2666 2706 2727 temeri-

806 2771 992 2823 tatem
1020 2773 1396 2843 provocante,
1422 2766 1678 2826 civitatis
1699 2766 1946 2826 consilia
1974 2765 2344 2827 nudarentur.
2413 2762 2555 2823 Jam
2581 2774 2710 2823 tum

806 2878 882 2918 ea
910 2856 1111 2918 Italiae
1136 2879 1262 2930 ora,
1279 2861 1694 2922 consuetudine
1725 2861 2094 2934 Graecorum,
2120 2884 2159 2922 a
2182 2862 2394 2943 quibus
2417 2860 2710 2920 Tarentus

806 2963 1249 3035 ceterarumque
1275 2956 1501 3017 urbium
1528 2979 1665 3038 pars
1690 2959 1971 3040 pleraque
1997 2959 2252 3020 conditae
2279 2958 2533 3027 fuerant,
2559 2955 2708 3016 deli-

806 3050 915 3110 ciis
943 3050 1412 3130 soecoeculomm
1443 3062 1621 3134 atque
1655 3055 1994 3115 histrionum
2029 3055 2339 3116 immodice
2371 3053 2705 3134 gaudebat:

529 3173 715 3228 strabo,
755 3170 789 3220 ι
810 3146 1109 3227 praecipua
1131 3147 1577 3209 Tarentinorum
1605 3151 1859 3223 luxuria,
1877 3173 2024 3233 quos
2040 3152 2192 3212 adeo
2220 3151 2505 3231 corruptis
2530 3149 2705 3209 mori-

485 3253 624 3352 {1139-
641 3241 788 3353 ²82⁸
812 3244 923 3303 bus
944 3243 1130 3323 egisse
1157 3257 1504 3318 memorant,
1551 3256 1616 3307 ut
1658 3248 1851 3329 plures
1891 3248 2098 3329 epulas
2129 3247 2413 3328 ludosque
2437 3247 2711 3307 solennes

481 3367 579 3416 zon
582 3381 702 3416 ,m
812 3340 1155 3421 reciperent,
1184 3362 1361 3422 quam
1387 3344 1668 3405 annidies
1691 3356 1902 3406 essent.
1947 3345 2167 3405 Forte
2151 3365 2211 3405 in
2227 3345 2459 3405 theatro
2483 3345 2707 3422 majore

482 3432 792 3549 ssppfffnffi·
801 3439 989 3517 juxta
1014 3447 1243 3518 portum
1258 3440 1373 3500 sito
1392 3440 1566 3502 ludos
1588 3444 1973 3523 spectabant:
2004 3462 2139 3502 cum
2167 3441 2237 3503 L.
2258 3441 2557 3510 ValeriuS,
2577 3438 2708 3516 (alii

773 3529 788 3545 ’
813 3533 1154 3594 Cornelium
1166 3537 1470 3597 nominant
1470 3538 1801 3617 ,)duumvir
1812 3539 2038 3599 navalis
2042 3538 2396 3647 ,decemque
2413 3536 2712 3597 Romanae

810 3649 990 3691 naves
1019 3640 1247 3712 portum
1274 3632 1593 3694 introiturae
1624 3656 1688 3696 se
1719 3635 2071 3696 ostendunt:
2101 3636 2426 3716 pernicioso
2451 3633 2711 3712 utrisque

484 3740 699 3790 Zoana.
807 3747 1023 3800 errore,
1039 3748 1176 3788 cum
1196 3729 1377 3807 ignari
1398 3750 1587 3790 rerum
1604 3733 1859 3791 omnium
1879 3731 2139 3791 Romani
2158 3740 2436 3810 tanquam
2454 3729 2709 3790 amicum

808 3832 873 3883 et
913 3824 1205 3905 hospitale
1240 3825 1403 3886 littus
1429 3837 1726 3908 peterent:
1770 3828 2095 3899 Tarentini,
2122 3827 2481 3888 conscientia
2505 3845 2711 3886 vecor-

809 3918 938 3990 des,
973 3921 1222 3982 classem
1262 3923 1461 3983 hostili
1504 3926 1705 3985 animo
1729 3926 2092 4005 consilioque
2121 3925 2354 3985 missam
2379 3944 2503 3984 esse
2531 3923 2710 3983 inter-

812 4025 1195 4094 pretarentur.

486 4121 754 4190 Appianas.
892 4118 952 4171 8.
997 4112 1195 4174 Adest
1224 4113 1621 4187 Philocharis,
1641 4140 1816 4198 quem
1841 4121 1918 4179 ob
1944 4118 2360 4200 turpitudinem
2387 4116 2524 4175 vitae
2549 4115 2716 4175 cives

812 4207 899 4266 sui
939 4206 1227 4270 Thaidem
1270 4211 1674 4291 appellabant.
1766 4216 1854 4289 Is,
1896 4226 2157 4278 veterum
2198 4211 2562 4296 quorundam
2604 4212 2712 4271 foe-
