3025 4892
992 390 1138 440 mn.
1184 388 1392 442 xxu.
1438 391 1607 441 om.
1652 376 1758 442 59.
2302 376 2478 446 1875

301 553 629 599 servorum
656 534 855 599 audio
900 536 1169 604 armari.
1261 537 1421 603 Non
1461 523 1683 603 minor
1726 555 2039 603 numerus
2078 546 2313 605 noster
2342 547 2473 616 est,

299 655 416 701 nec
439 638 680 722 majore
710 637 932 721 pretio
951 638 1178 705 redimi
1198 659 1586 724 possumus,
1604 660 1807 724 quam
1829 641 1899 705 hi
1922 648 2264 707 emuntur.·
2293 642 2472 707 Nam

303 741 358 806 si
375 741 705 806 conferam
727 760 860 805 nos
888 761 1041 807 cum
1072 741 1235 821 illis,
1255 743 1567 827 injuriam
1598 744 1849 808 nomini
1875 744 2182 809 Romano
2210 744 2472 810 faciam.

302 841 470 907 illud
506 843 708 909 etiam
755 843 826 907 in
867 844 985 908 tali
1033 844 1325 909 consilio
1378 844 2040 911 animadvertendum
2082 847 2277 912 vobis
2324 866 2475 911 cen-

299 964 494 1023 seam,
522 945 757 1010 Patres
779 947 1169 1030 conscripti,
1218 946 1312 1032 (si
1363 955 1587 1013 tamen
1617 947 1918 1013 duriores
1943 956 1999 996 ¹4
2041 968 2191 1013 esse
2230 949 2475 1027 velitis,

299 1047 473 1128 quod
496 1047 681 1112 nullo
712 1054 945 1113 nostro
975 1050 1211 1114 merito
1253 1047 1586 1133 faciatis‚)
1624 1050 1741 1114 cui
1785 1069 1915 1114 nos
1960 1050 2140 1114 hosti
2174 1051 2475 1116 relicturi

296 1147 476 1229 sitis3
519 1148 781 1232 Pyrrho
811 1150 1142 1228 videlicet,
1174 1151 1292 1234 qui
1319 1170 1442 1215 nos
1462 1159 1510 1200 ¹⁵
1543 1151 1883 1235 hospitum
1910 1171 2180 1217 numero
2205 1149 2473 1217 habuit¹

296 1252 619 1335 captivos,
651 1272 736 1319 an
764 1254 1052 1319 barbaro
1085 1273 1170 1319 ac
1201 1254 1453 1335 Poen03
1499 1254 1616 1338 qui
1645 1259 1862 1320 utrum
1897 1257 2187 1332 avarior,
2213 1275 2298 1319 an
2325 1274 2473 1320 cru·

295 1352 515 1431 delior,
573 1356 686 1428 sit,
721 1359 843 1422 vix
887 1358 1262 1422 existimari
1282 1355 1333 1398 ¹⁶
1396 1364 1642 1440 potest.
1726 1355 1805 1421 Si
1850 1358 2129 1423 videatis
2172 1364 2472 1436 catenas,

291 1459 678 1540 squalorem,
723 1460 1208 1525 deformitatem
1234 1469 1286 1511 ¹⁷
1333 1461 1579 1525 civium
1639 1472 2028 1539 vestrorum,
2074 1480 2213 1525 non
2252 1462 2472 1526 minus

289 1559 587 1643 profecto
614 1580 737 1626 vos
783 1582 869 1627 ea
898 1563 1171 1647 species
1218 1570 1511 1641 moveat,
1556 1582 1758 1647 quam
1807 1564 1868 1628 si
1898 1582 1986 1628 ex
2030 1564 2236 1628 altera
2281 1571 2471 1648 parte

289 1663 570 1727 cernatis
600 1668 841 1728 stratas
872 1663 1337 1730 Cannensibus
1366 1665 1624 1748 campis
1662 1666 1961 1749 legiones
1987 1671 2271 1731 vestras.
2357 1665 2472 1731 In·

289 1759 444 1827 tueri
472 1766 769 1848 potestis
798 1766 1296 1832 solicitudinem·
1320 1773 1396 1831 et
1422 1766 1759 1851 lacrymas
1801 1769 1869 1833 in
1897 1769 2234 1834 vestibulo
2266 1769 2468 1834 cnriae

288 1867 595 1931 stantium
627 1877 1061 1951 cognatorum
1091 1878 1491 1948 nostrorum,
1522 1872 2152 1955 expectantiumque
2195 1891 2469 1954 respon·

283 1985 426 2032 sum
455 1976 769 2036 vestrum.
856 1972 1027 2039 Cum
1055 1972 1105 2036 ii
1130 1990 1255 2054 pro
1284 1971 1478 2035 nobis
1503 1990 1763 2056 proque
1790 1973 1896 2049 iis,
1930 1974 2047 2056 qui
2079 1973 2340 2050 absunt,
2374 1975 2469 2039 ita

281 2074 600 2155 suspensi
636 2091 719 2139 ac
756 2075 1004 2140 soliciti
1033 2075 1204 2153 sint;
1249 2092 1442 2159 quem
1489 2075 1788 2139 censetis
1835 2075 2123 2139 animum
2165 2075 2466 2157 ipsorum

285 2189 455 2251 esse,
487 2194 774 2257 quorum
810 2175 880 2239 in
924 2176 1305 2241 discrimine
1335 2176 1476 2238 vita
1515 2174 1927 2259 libertasque
1958 2183 2067 2241 est
2090 2178 2157 2240 'l'
2225 2177 2327 2251 Si,
2358 2193 2466 2240 me

281 2272 450 2344 Dius
489 2276 723 2358 fidius,
763 2277 918 2361 ipse
962 2278 1032 2342 in
1080 2296 1205 2342 nos
1245 2277 1423 2342 mitis
1474 2274 1819 2340 Hannibal
1870 2282 2102 2343 contra
2156 2284 2465 2341 naturam

285 2394 467 2444 suam
496 2399 652 2447 esse
679 2381 860 2458 velit,
906 2379 1066 2445 nihil
1114 2387 1336 2446 tamen
1379 2378 1576 2443 nobis
1615 2378 1758 2444 vita
1786 2398 1963 2464 opus
2002 2389 2152 2444 esse
2192 2397 2467 2442 censea-

281 2497 444 2560 mus,
471 2502 625 2547 cum
674 2481 948 2565 indigni,
979 2490 1051 2548 ut
1098 2504 1142 2549 a
1184 2482 1376 2548 vobis
1422 2479 1914 2560 redimeremur,
1963 2475 2094 2546 visi
2146 2480 2462 2544 sumus.¹⁸

285 2582 561 2651 Rediere
588 2584 882 2652 Romam
902 2585 1238 2670 quondam
1267 2583 1533 2649 remissi
1557 2602 1599 2649 a
1622 2583 1878 2668 Pyrrho
1899 2584 2045 2650 sine
2062 2584 2280 2667 pretio
2304 2600 2467 2665 cap·

281 2687 368 2753 ti:
411 2688 530 2752 sed
579 2687 827 2753 rediere
874 2708 1026 2754 cum
1074 2687 1332 2769 legatis,
1365 2686 1769 2772 primoribus
1809 2687 2127 2762 civitatis,
2169 2684 2252 2750 ad
2295 2683 2463 2748 redi-

281 2792 558 2857 mendos
609 2811 755 2856 sese
799 2791 1049 2858 missis.
1140 2789 1450 2854 Redeam
1495 2808 1624 2871 ego
1670 2789 1742 2854 in
1793 2788 2102 2873 patriam,
2153 2786 2462 2852 trecentis

283 2896 570 2962 nummis
615 2913 749 2960 non
782 2895 1163 2960 aestimatus
1191 2893 1414 2958 civis?
1504 2892 1716 2956 Suum
1760 2892 2046 2975 quisque
2088 2890 2291 2953 habet
2322 2888 2464 2952 ani-

279 3017 477 3076 mum,
527 2999 766 3063 Patres
816 2996 1204 3080 conscripti.
1292 2993 1455 3059 Scio
1516 2994 1585 3057 in
1636 2992 2020 3058 discrimine
2072 3011 2221 3056 esse
2254 2992 2463 3056 vitam

279 3118 656 3186 corpusque
705 3119 946 3165 meum.
1036 3097 1259 3181 Magis
1290 3115 1398 3162 me
1429 3096 1630 3161 famae
1677 3094 2048 3187 periculum
2080 3101 2332 3170 movet,
2376 3110 2463 3156 ne

279 3220 320 3266 a
350 3203 545 3269 vobis
569 3202 864 3267 damnati
908 3219 989 3266 ac
1039 3198 1291 3283 repulsi
1331 3198 1740 3262 abeamus.¹9
1826 3195 2072 3281 Neque
2118 3195 2293 3261 enim
2337 3213 2461 3260 vos

279 3303 488 3385 pretio
517 3303 901 3388 pepercisse
929 3302 1236 3367 homines
1265 3297 1587 3366 credent?

340 3477 363 3503 '
397 3470 613 3528 muna
632 3474 680 3519 et
701 3469 897 3520 liber-tm
915 3473 964 3519 et
983 3467 1087 3519 vila
1101 3467 1454 3534 periclitantur.

1188 3589 1546 3616 ‘Moeno‘

285 3691 341 3747 '14
375 3697 434 3749 Si
456 3704 553 3748 tam
587 3698 799 3747 duriores
821 3697 952 3747 Edd.
986 3697 1249 3748 vetustiss.
1317 3696 1378 3749 Si
1399 3701 1498 3750 tom
1517 3694 1728 3772 durioris
1750 3691 1884 3742 Edd.
1907 3690 1974 3769 ab
1998 3690 2212 3740 Aseem.
2237 3688 2301 3737 ad
2328 3689 2464 3739 Gro-

279 3776 392 3812 nov.
416 3764 504 3827 qui
528 3766 721 3826 primns
746 3764 876 3812 lianc
898 3779 928 3813 a
944 3764 1155 3827 Sigonio
1177 3772 1437 3827 repertam
1460 3761 1737 3810 lectionem
1763 3759 2111 3835 receptu—15
2145 3755 2160 3781 ‘
2185 3755 2338 3803 Forte
2360 3755 2463 3803 ‹lel-

277 3828 391 3876 που)
423 3830 613 3878 Bauer.
688 3828 782 3879 Voae
806 3830 927 3878 Put.
953 3828 1090 3878 Flor.
1113 3829 1317 3878 Gaertn.
1352 3836 1405 3875 et
1434 3825 1568 3875 Hav.
1595 3823 1730 3873 unde
1767 3823 1998 3871 Crevier.
2034 3834 2174 3884 conj.
2207 3824 2461 3896 suom—16

275 3891 400 3943 vet.
426 3893 517 3944 lib.
556 3893 696 3959 apud
731 3895 907 3956 Sigon.
938 3892 1317 3944 «καὶκαὶ-17
1352 3890 1812 3951 Deformitatem«
1848 3886 1983 3935 Edu.
2017 3892 2138 3934 ante
2164 3885 2465 3934 Crevier.-

283 3960 397 4074 ἒὸᾶὲ]
420 3958 531 4071 Viri¹
544 3961 691 4073 sign·
725 3966 890 4072 ἷοοιε,
907 3959 1111 4023 opinor,
1134 3958 1270 4023 conj.
1294 3958 1434 4010 Mur.
1456 3965 1513 4006 et
1535 3951 1787 4004 Gronov?
1820 3952 2157 4016 Raptae-19
2190 3948 2465 4002 Habeamur

266 4073 277 4082 ,
404 4058 417 4072 .
439 4038 507 4074 an
535 4038 565 4072 e
636 4038 724 4074 rev
747 4037 822 4072 er.

1266 4100 1477 4153 NOTAE

342 4197 356 4232 ¹
388 4200 487 4256 Qui
531 4215 614 4250 nos
645 4199 878 4264 hospitum
915 4214 1106 4250 numero
1142 4199 1328 4264 tabuit]
1409 4193 1930 4262 magiuteusium,sed
1945 4193 2318 4257 Romanos,qui
2339 4201 2461 4242 tune

281 4276 396 4328 Non
418 4277 529 4342 lios,
549 4279 635 4343 qui
658 4292 795 4329 nunc
819 4288 966 4329 erant
983 4280 1176 4343 captivi
1199 4279 1322 4329 Car·
1405 4277 1598 4342 captia
1620 4273 1839 4337 Pyrrho.
