3025 4892
991 366 1140 416 ua.
1190 362 1439 417 xxm.
1484 366 1655 417 car.
1696 354 1764 418 ⁹7.
2312 350 2483 422 1897

280 512 476 591 alios,
504 511 743 596 partim
771 510 1001 596 aliquo
1027 511 1286 580 militiae
1326 531 1603 579 munere
1633 517 2033 599 occupatos,
2062 514 2305 598 partim
2342 516 2481 601 pri-

277 616 458 681 vatis
499 614 781 698 negotiis
821 612 1213 699 implicitos,
1244 615 1442 700 plebs
1478 622 1752 701 repente
1791 635 2027 682 omnes
2051 618 2479 702 comprehen-

281 736 426 797 sos,
455 717 642 783 velut
679 717 1012 783 custodiae
1045 725 1307 796 causa,5
1336 718 1593 783 balneis
1622 718 1871 783 includi
1894 719 2137 803 jussit:
2187 719 2322 795 ubi,
2353 719 2480 785 fer-

278 838 441 885 vore
499 824 706 904 atque
767 817 986 885 aestu⁶
1041 820 1263 886 anima
1321 818 1710 899 interclusa,
1768 821 2026 886 foedum
2087 821 2155 885 in
2211 820 2481 886 modum

276 922 684 1005 expirarent.
775 921 880 988 Ea
921 942 1003 988 ne
1047 923 1291 1001 fierent,
1325 941 1453 988 neu
1496 924 1744 1007 legatio
1786 924 2155 989 mitteretur
2197 923 2285 989 ad
2327 921 2484 988 Poe·

276 1042 466 1101 num,
511 1043 773 1089 summa
823 1044 955 1109 ope
1003 1025 1260 1092 Decius
1306 1025 1640 1108 MagiuS,⁷
1689 1027 1814 1104 vir,
1862 1026 1978 1091 cui
2023 1025 2107 1091 ad
2154 1045 2485 1091 summam

282 1127 755 1193 auctoritatem
804 1127 994 1206 nihil,
1033 1136 1280 1212 praeter
1324 1146 1560 1193 sanam
1603 1127 1851 1192 civium
1896 1134 2209 1206 mentem,
2250 1127 2485 1205 defuit,

278 1229 642 1294 restiterat.
718 1227 817 1294 Ut
850 1248 1011 1295 vero
1036 1229 1427 1314 praesidium
1460 1229 1638 1295 mitti
1667 1230 1756 1295 ab
1788 1229 2177 1294 Hannibale
2204 1228 2487 1308 audivit,

282 1329 529 1415 Pyrrhi
572 1333 929 1417 superbam
971 1331 1512 1411 dominationem,
1558 1332 2138 1416 miserabilemque
2185 1330 2485 1397 Tarenti-

282 1452 520 1498 norum
553 1436 962 1513 servitutem,
988 1434 1298 1519 exempla
1326 1433 1664 1513 referens,¹¹
1704 1433 1943 1517 primo,
1972 1453 2060 1499 ne
2089 1435 2490 1518 reciperetur

280 1537 698 1619 praesidium,
727 1536 956 1623 palam
984 1535 1397 1602 vociferatus
1428 1542 1566 1601 est:
1614 1535 1879 1614 deinde,
1903 1542 1978 1601 ut
1998 1542 2342 1621 receptum
2367 1545 2490 1603 aut

286 1639 669 1723 ejiceretur,
698 1645 840 1719 aut,
871 1640 932 1704 si
975 1638 1226 1704 malum
1271 1638 1555 1713 facinus,
1588 1636 1770 1723 quod
1798 1657 1840 1703 a
1871 1639 2350 1705 vetustissimis
2377 1659 2489 1704 so-

285 1739 415 1804 ciis
459 1742 1098 1825 consanguineisque
1143 1738 1578 1817 defecissent,
1608 1739 1763 1804 forti
1807 1759 1887 1806 ac
1930 1741 2345 1807 memorabili
2388 1741 2491 1807 sa-

285 1843 517 1908 cinore
562 1863 847 1929 purgare
890 1842 1161 1921 vellent,
1192 1848 1291 1919 ut,
1319 1842 1669 1907 interfecto
1712 1842 1978 1908 Punico
2014 1842 2360 1927 praesidio,
2389 1863 2492 1908 re-

286 1945 634 2012 stituerent
661 1965 736 2012 se
768 1946 1121 2012 Romanis.
1208 1943 1391 2010 Haec
1421 1941 1677 2029 (neque
1705 1945 1881 2010 enim
1911 1945 2176 2011 occulte
2206 1947 2493 2031 ageban-

288 2047 433 2133 tur)
454 2069 606 2115 cum
635 2050 842 2116 relata
875 2048 1241 2115 Hannibali
1272 2059 1520 2126 essent,
1550 2046 1767 2132 primo
1799 2048 2002 2128 misit,
2029 2048 2144 2133 qui
2178 2053 2495 2116 vocarent

288 2150 593 2236 Magium
641 2152 726 2218 ad
767 2172 919 2218 sese
964 2152 1032 2216 in
1084 2156 1340 2216 castra:
1399 2148 1663 2228 deinde,
1709 2169 1863 2215 cum
1912 2150 1974 2214 is
2026 2150 2333 2216 ferociter
2381 2170 2492 2214 ne-

287 2259 515 2337 gasset
551 2274 625 2320 se
669 2256 939 2333 iturum,
977 2251 1131 2339 (nec
1178 2252 1353 2317 enim
1404 2251 1778 2316 Hannibali
1806 2250 1923 2335 jus
1971 2271 2124 2317 esse
2163 2250 2233 2317 in
2274 2253 2493 2317 civem

290 2354 773 2442 Campanum,)
795 2357 1178 2422 concitatus
1199 2354 1299 2418 ira
1321 2352 1603 2431 Poenus,
1635 2352 2106 2437 comprehendi
2135 2353 2491 2431 hominem,

287 2460 720 2544 vinctumque
766 2458 1009 2524 attrahi
1052 2455 1137 2521 ad
1181 2476 1256 2520 se
1282 2455 1519 2540 jussit.
1605 2452 1883 2521 Veritus
1910 2453 2173 2534 deinde,
2201 2475 2284 2520 ne
2329 2455 2494 2540 quid

289 2562 466 2627 inter
506 2563 645 2628 vim
690 2562 1079 2628 tumultus·-
1123 2568 1322 2642 atque
1364 2576 1448 2622 ex
1497 2556 1949 2623 concitatione
1992 2558 2353 2624 animorum
2395 2559 2492 2622 in-

358 2743 375 2777 ⁸
409 2744 685 2795 Memorem
704 2744 755 2793 in
775 2744 1035 2806 exemplam
1066 2741 1264 2807 periculi
1300 2741 1423 2803 qaod
1455 2739 1674 2789 subibant
1716 2739 1947 2802 Campani
1979 2739 2281 2805 impotentem
2310 2737 2498 2801 Pyrrae

294 2811 591 2860 Mutum
611 2811 664 2859 in
688 2809 989 2870 Tarentinos,
1009 2813 1150 2871 etque
1164 2806 1328 2855 horam
1350 2805 1665 2854 miserandam
1684 2805 1979 2855 amitalem.
2045 2825 2052 2832 ·

360 2883 398 2907 ⁸
435 2876 514 2926 Ne
536 2876 764 2925 mauras
782 2874 971 2938 aliquae,
993 2878 1076 2923 aaz
1097 2877 1336 2923 certamen
1359 2871 1581 2919 oriretur.

1214 3030 1577 3051 onweoemo

290 3155 559 3221 conjunct.
576 3154 769 3205 causali
783 3168 894 3203 aaut
910 3151 1104 3201 narrari
1127 3149 1333 3200 solent.'
1360 3149 1648 3200 Stroth—5
1675 3147 1758 3227 ΑΙ..
1777 3150 1905 3198 vem
1922 3147 2259 3224 custodiam
2274 3159 2502 3196 cam.—

294 3227 331 3272 ⁶
366 3222 488 3272 Vct.
512 3218 604 3270 lib.
628 3219 766 3285 apud
798 3220 977 3284 Sigon.
996 3217 1173 3276 soetore
1194 3222 1334 3280 atque
1354 3219 1588 3266 ‹actm—7
1622 3213 1850 3264 Demus
1875 3214 2071 3276 Magrus
2091 3220 2148 3262 et
2167 3227 2286 3262 mox
2309 3211 2387 3262 M.
2413 3217 2498 3260 ant

1287 3379 1501 3432 NOTAE

296 3487 421 3547 bns,
451 3483 615 3549 qualis
659 3477 857 3546 Capua,
882 3489 941 3531 ut
986 3486 1138 3545 patet
1170 3479 1239 3529 ek
1267 3476 1360 3529 lib.
1424 3478 1589 3538 sectos
1633 3476 1864 3526 meierum
1909 3473 2088 3523 Livius
2137 3470 2280 3519 dicat
2323 3470 2502 3533 specie

297 3577 400 3614 vn.
434 3559 833 3626 imponebantur
873 3574 904 3608 a
944 3557 1187 3609 Romanis
1228 3570 1362 3619 prae·
1439 3554 1691 3604 custodioe
1737 3550 2013 3602 suffocatos
2057 3562 2177 3597 cum
2222 3546 2351 3603 aliis,
2400 3560 2500 3594 non

296 3637 451 3694 fecti.
493 3638 581 3701 qui
619 3636 708 3699 jus
747 3634 1006 3698 dicerent,
1049 3641 1105 3684 et
1148 3631 1361 3698 publica
1439 3629 1691 3679 debemus
1731 3627 1925 3692 Capuae
1964 3621 2271 3688 praefectum
2311 3620 2504 3669 intelli-

297 3712 771 3764 administrarent:
824 3721 982 3775 atque
1024 3711 1122 3760 boc
1179 3708 1358 3757 discri·
1440 3719 1588 3772 gere,
1619 3704 1706 3769 qui
1748 3703 1933 3753 unicus
1966 3699 2188 3751 fuisset:
2227 3708 2385 3763 atque
2412 3712 2503 3760 ap-

296 3803 419 3840 men
454 3794 568 3837 erat
596 3786 908 3836 coloniarum
931 3793 985 3835 et
1022 3783 1362 3850 prefectum·
1441 3789 1591 3846 paret
1610 3796 1677 3832 ex
1691 3781 1788 3830 hoc
1807 3780 1923 3843 ipso
1943 3776 2119 3840 capite
2144 3775 2376 3838 Capuam
2400 3786 2502 3822 non

298 3879 437 3916 rum.
505 3863 639 3914 Nam
675 3859 1005 3926 prafecturae
1043 3859 1365 3911 vocabantur
1444 3860 1496 3909 in
1518 3856 1986 3923 proefectnraeloco
2000 3861 2128 3905 tunc
2142 3847 2503 3906 habitam,sed

300 3942 462 3993 urbes
496 3940 717 4002 Italico,
738 3951 952 4003 quarum
987 3938 1226 4003 quodam
1250 3943 1364 3988 erat
1444 3942 1728 4002 praetorem
1772 3946 1916 3981 snum
1973 3929 2234 3987 habuisse,
2274 3927 2505 3978 Marium

298 4017 635 4082 respublica:
662 4015 735 4066 ita
760 4022 933 4066 tamen
957 4021 1015 4065 ut
1036 4015 1364 4079 magistratus
1445 4024 1635 4075 nempe
1684 4008 1951 4059 Blosium:
2021 4005 2276 4056 militares
2324 4003 2503 4068 itaque

297 4095 546 4162 proprios
591 4106 693 4142 non
734 4091 1006 4154 haberent,
1051 4091 1143 4142 sed
1179 4091 1234 4141 in
1278 4103 1365 4141 eas
1446 4086 1729 4154 prefecto·
1752 4084 2020 4136 socialium
2050 4080 2341 4134 cohortium
2359 4079 2510 4130 intel·

296 4168 545 4239 praefecti
584 4167 856 4233 quotannis
894 4167 1061 4218 Roma
1097 4168 1369 4219 mitteren-
1447 4166 1575 4230 lige,
1612 4175 1830 4229 quornm
1866 4161 2026 4225 aliqui
2065 4166 2196 4209 tunc
2220 4156 2414 4221 Capua
2453 4155 2508 4205 in

303 4257 393 4299 tur
418 4246 504 4313 qni
527 4259 615 4295 eas
640 4249 900 4308 regerent.
967 4243 1073 4295 Sed
1107 4258 1224 4297 cum
1242 4256 1370 4308 pra·
1450 4239 1698 4306 praesidio
1713 4254 1744 4290 a
1764 4235 2012 4291 Romanis
2034 4233 2195 4300 positi
2215 4240 2410 4286 essem.

436 4326 620 4391 υιιριι.
639 4329 685 4376 ιι
712 4324 829 4377 var.
851 4325 981 4375 ctas.
1334 4321 1517 4372 um.
2280 4317 2315 4363 e
2349 4313 2376 4363 1
