3025 4892
1193 372 1334 422 mn.
1383 368 1591 422 xxii.
2320 355 2491 424 1767

341 516 545 580 pateris
566 514 756 572 aureis,
780 529 811 567 e
832 514 1019 581 quibus
1043 529 1144 565 una
1181 524 1384 567 tantum
1408 530 1573 581 eaque
1596 514 1842 580 ponderis
1863 514 2054 566 minimi
2080 531 2114 567 a
2146 525 2329 569 senatu
2351 519 2490 569 acci·

340 600 508 662 pitur.
575 602 657 649 38.
687 599 1001 661 Speculator
1032 597 1225 648 Poenus
1265 599 1445 648 Romae
1485 597 1910 662 deprehenditur,
1933 607 1989 648 et
2019 601 2176 655 servi,
2196 600 2282 664 qui
2309 601 2492 664 conju-

338 686 608 741 ruerant,
631 681 683 729 in
707 694 914 730 crucem
938 688 1184 743 aguntur.
1253 681 1438 745 Legati
1462 681 1743 730 mittuntur
1768 679 1832 730 ad
1859 680 2279 745 Pbillppttm,qui
2303 681 2489 745 depos·

339 769 469 812 cant
491 762 816 812 Demetrium
840 761 1104 825 Pbarium,
1127 762 1191 812 ad
1219 763 1458 827 Ligures,
1491 764 1768 813 Poenorum
1807 763 1991 827 socios,
2013 770 2068 813 et
2103 763 2154 812 in
2190 762 2396 827 Illyrios
2418 762 2486 813 ad

333 843 652 907 stipendium
680 859 710 892 a
736 843 899 894 Piueo
924 859 1046 908 rege
1069 844 1448 908 postulandum.
1515 844 1672 895 AEdes
1696 844 2027 908 Concordiae,
2050 845 2259 895 biennio
2296 853 2417 895 ante
2454 860 2485 894 a

335 926 400 975 Ι..
423 925 625 975 Manlio
650 935 793 989 vota,
813 925 864 975 in
883 939 1005 975 arce
1029 923 1272 975 facienda
1309 926 1529 989 locatur,
1560 925 1989 990 comitiorumque
2021 926 2360 976 consularium
2398 927 2487 976 ba-

335 1007 628 1057 bendorum
668 1021 822 1056 causa
858 1006 1050 1057 dicitur
1084 1006 1330 1070 dictator,
1359 1022 1423 1057 eo
1456 1016 1629 1057 autem
1668 1009 1794 1058 vitio
1827 1016 2025 1070 creato,
2046 1009 2332 1073 interreges
2368 1023 2487 1074 pro·

332 1087 553 1137 duntur.
617 1092 700 1138 a-t.
735 1088 795 1138 C.
826 1088 1098 1139 Terentius
1121 1089 1286 1138 Varro
1326 1089 1463 1153 petit
1504 1089 1848 1152 consulatum,
1881 1096 2237 1154 cognatusque
2260 1092 2395 1155 ejus,
2417 1091 2485 1142 Q.

330 1169 548 1220 Baebius
572 1170 866 1222 Herennius
889 1170 1007 1222 trib.
1032 1171 1106 1235 pl.
1126 1171 1321 1221 acerba
1338 1170 1572 1222 oratione
1594 1172 1647 1221 in
1666 1179 1923 1228 senatum.
1940 1185 2179 1237 augures,
2200 1186 2262 1221 ac
2287 1172 2485 1223 nobiles

340 1253 631 1302 invehitur.

264 1337 352 1384 35.
404 1334 470 1384 C.
505 1335 784 1385 Terentius
825 1337 989 1386 Varro
1027 1344 1082 1386 et
1123 1337 1184 1386 1..
1225 1336 1458 1386 AEmilius
1497 1336 1712 1386 Paullus
1746 1350 1810 1386 tt.
1849 1337 2088 1387 consules
2120 1343 2385 1393 creantur,
2417 1352 2478 1387 ac

336 1417 588 1479 praetoria
619 1418 882 1468 habentur
915 1418 1145 1468 comitia.
1212 1423 1292 1470 86.
1330 1419 1597 1471 Numerus
1622 1428 1675 1468 et
1697 1419 1956 1483 legionum
1980 1427 2038 1469 et
2062 1419 2281 1469 militum
2306 1420 2356 1469 in
2382 1420 2483 1468 illis

334 1504 582 1560 augetur.
649 1499 900 1563 Prodigia
930 1500 1239 1550 nuntiantur
1262 1509 1716 1565 procuranturque
1734 1515 1801 1550 ex
1824 1500 1966 1550 libris
1990 1500 2271 1564 Sibyllinis.
2341 1501 2484 1551 Paes-

297 1607 306 1612 -
335 1580 446 1630 tani
474 1587 895 1644 paterasaureas
917 1582 1157 1644 mittunt,
1182 1593 1241 1633 ut
1269 1583 1422 1647 paulo
1443 1589 1566 1633 aute
1602 1582 1955 1648 Neapolitani.
2021 1585 2104 1635 8⁷.
2139 1582 2332 1632 Classis
2357 1581 2484 1631 Hie-

333 1662 476 1712 ronis
511 1676 628 1713 cnm
667 1678 852 1728 magno
888 1671 1205 1728 commeatu,
1243 1679 1403 1714 aurea
1425 1664 1682 1719 Victoria.
1717 1664 2000 1729 sagittariis
2038 1678 2102 1715 ac
2139 1661 2482 1714 funditoribus

333 1744 544 1795 accedit
589 1745 823 1795 Ostiam:
881 1753 938 1796 et
977 1746 1043 1796 ad
1083 1748 1300 1797 classem
1332 1748 1391 1798 Τ.
1429 1745 2016 1811 Otaciliipropraetoris
2051 1746 2101 1794 in
2135 1746 2314 1796 Sicilia
2347 1758 2481 1794 xxv.

330 1826 734 1892 quinqueremes
772 1827 1050 1879 adduntur.
1118 1834 1200 1880 38.
1236 1829 1440 1880 Milites
1471 1844 1573 1879 non
1609 1836 1955 1893 sacramento,
1976 1828 2066 1877 sed
2101 1842 2237 1877 nunc
2261 1827 2482 1891 primum

315 1909 445 1973 jure
459 1909 690 1974 jurando
714 1911 1012 1974 adiguntur.
1076 1913 1368 1963 conciones
1390 1912 1677 1970 consulum,
1704 1912 1878 1961 multae
1904 1925 1964 1960 ac
1987 1908 2192 1960 feroces
2209 1908 2481 1965 Varronis,

328 1991 585 2053 veriores,
602 2007 754 2057 quam
779 1994 971 2057 populo
994 1994 1244 2057 gratiores
1265 1994 1451 2045 Paulli.
1484 1996 1571 2043 89.
1591 1993 1780 2043 Fabius
1805 1989 2221 2056 proficiscentem
2244 1990 2480 2039 Paullum

330 2074 634 2137 alloquitur.
720 2077 803 2124 40.
863 2074 970 2125 Hic
1003 2073 1306 2139 respondet,
1350 2083 1405 2125 et
1447 2089 1565 2124 cnm
1612 2075 1816 2139 collega
1842 2071 1920 2122 'ad
1965 2080 2141 2123 castra
2183 2070 2476 2122 contendit.

327 2155 601 2205 Hannibal
621 2156 851 2206 adventu
874 2157 1144 2208 consulum
1169 2156 1296 2207 mire
1319 2157 1510 2219 gaudet
1533 2155 1601 2207 ob
1626 2155 1888 2220 angustias
1911 2160 2248 2217 commeatus,
2280 2152 2477 2201 discor-

325 2234 472 2286 diam
521 2236 726 2295 ducum,
776 2238 1129 2288 temeritatem
1166 2238 1382 2287 alterius
1427 2237 1650 2287 consulis
1696 2243 1753 2286 et
1798 2234 2185 2285 multitudinem
2232 2234 2481 2284 tironum.

326 2320 416 2366 41.
453 2317 801 2369 Pabulatores
821 2318 973 2369 Poeni
998 2318 1293 2381 caeduntur,
1315 2327 1369 2368 et
1394 2318 1680 2381 Hannibal,
1702 2317 1887 2368 castris
1907 2316 2120 2373 relictis,
2143 2314 2332 2365 milites
2361 2327 2482 2363 suos

326 2404 477 2447 tram
512 2400 773 2462 proximos
818 2410 1044 2463 montes,
1080 2401 1196 2450 loco
1235 2399 1432 2449 insidiis
1474 2408 1620 2464 apto,
1660 2398 1861 2460 condit,
1896 2410 2243 2463 oppressurus
2286 2396 2482 2459 hostes,

327 2478 642 2543 diripiendis
674 2482 858 2530 castris
891 2488 1195 2544 occupatos.
1258 2485 1344 2531 42.
1377 2480 1671 2532 Solitudine
1705 2479 1778 2530 ibi
1813 2480 1937 2530 satis
1973 2486 2259 2543 comperta,
2291 2476 2481 2525 milites

332 2568 396 2611 et
420 2562 600 2611 consul
635 2561 765 2612 alter
801 2562 950 2627 signa
973 2559 1191 2626 proferri
1216 2560 1427 2627 jubent.
1494 2562 1601 2612 Hic
1624 2569 1796 2612 tamen
1819 2562 2003 2611 nuntio
2023 2560 2143 2610 mali
2170 2558 2405 2622 auspicii,
2427 2564 2483 2606 et

330 2641 441 2704 illi,
472 2642 694 2707 imperio
724 2644 913 2694 ducum
949 2644 1084 2695 baud
1122 2652 1386 2708 parentes,
1417 2644 1648 2694 adventu
1695 2641 2042 2707 perfugarum,
2076 2641 2164 2706 qui
2209 2640 2384 2689 hostes
2430 2639 2479 2688 in

323 2723 534 2775 insidiis
566 2725 750 2776 sedere
783 2727 1045 2792 nuntiant,
1077 2726 1142 2777 ad
1179 2727 1402 2777 reditum
1438 2727 1838 2790 compelluntur.
1901 2728 1986 2774 43.
2019 2723 2107 2772 Ob
2131 2723 2352 2785 inopiam
2375 2718 2478 2769 fru-

323 2806 496 2858 menti
521 2808 716 2858 milites
736 2809 1039 2860 mercenarii
1064 2808 1372 2859 Hannibalis
1387 2810 1500 2873 jam
1524 2808 1590 2858 de
1618 2807 1929 2857 transitione
1948 2806 2169 2869 agitant,
2199 2804 2391 2866 etipse
2412 2802 2480 2851 de

319 2885 458 2950 fuga
493 2889 545 2938 in
582 2890 823 2940 Galliam.
888 2891 1121 2956 Longius
1143 2891 1322 2957 itaque
1356 2891 1557 2941 recedit
1579 2891 1644 2939 ab
1668 2890 1813 2939 boote
1837 2888 1964 2938 etin
1989 2887 2103 2937 loca
2130 2884 2336 2949 Apuliae
2359 2881 2482 2934 cali-

324 2969 482 3019 diora
517 2983 683 3036 eoque
715 2973 996 3024 maturiora
1032 2973 1300 3024 messibus.
1370 2973 1728 3037 Inseqnuutur
1763 2966 2154 3030 eum'Romani‚
2179 2964 2479 3029 refragante

325 3050 543 3115 Paullo,
568 3053 736 3104 donec
777 3056 919 3105 venit
959 3056 1183 3114 Cannas,
1219 3056 1305 3105 ubi
1349 3063 1524 3105 castra
1558 3054 1704 3118 ponit
1738 3066 1918 3102 aversa
1956 3066 1985 3100 a
2008 3050 2271 3098 Vulturno
2304 3054 2479 3096 vento.

324 3136 423 3183 44.
458 3133 660 3185 Ibidem
695 3138 931 3187 consules
968 3138 1088 3187 bina
1121 3144 1299 3187 castra
1321 3136 1676 3187 communiunt
1700 3135 1765 3184 ad
1799 3142 2076 3197 utramque
2111 3129 2287 3181 Aufidi
2313 3128 2477 3179 amnis

314 3220 517 3281 ripam,
558 3232 654 3268 nec
685 3218 956 3284 quisquam
992 3219 1260 3270 detrectat
1296 3234 1521 3284 pugnam
1559 3226 1752 3283 praeter
1790 3217 2049 3266 Paullum.
2114 3219 2197 3263 45.
2236 3211 2477 3262 Numida

315 3297 521 3363 fugant
545 3307 819 3364 aquatores
843 3300 1122 3358 Romanos,
1145 3307 1202 3350 et
1224 3301 1391 3349 Varro
1419 3298 1741 3363 indignatur,
1763 3298 2017 3360 collegam
2041 3309 2071 3343 a
2095 3293 2276 3359 praelio
2299 3292 2480 3343 ablior-

327 3393 474 3429 rere.
544 3379 765 3431 Postero
779 3389 951 3432 antem
972 3380 1076 3444 die,
1091 3395 1192 3446 quo
1211 3394 1372 3445 penes
1396 3394 1510 3430 eum
1529 3394 1724 3429 summa
1747 3385 1829 3428 est
1845 3377 2065 3440 imperii,
2086 3377 2261 3438 copias
2285 3371 2477 3422 flumen

317 3459 565 3511 traducit
581 3470 637 3511 et
656 3463 816 3512 aciem
842 3463 1069 3513 instruit.
1135 3466 1217 3513 46.
1254 3461 1402 3514 Idem
1422 3460 1551 3513 facit
1571 3459 1857 3516 Hannibal,
1872 3467 1927 3509 et
1946 3459 2021 3508 sol
2043 3456 2246 3523 quidem
2267 3454 2478 3519 utrique

315 3541 471 3607 parti
492 3542 728 3607 obliquus
769 3551 869 3606 est,
903 3543 995 3593 sed
1033 3549 1240 3606 ventus,
1275 3542 1521 3592 Romanis
1555 3542 1824 3604 adversus,
1847 3542 2061 3605 pulvere
2101 3553 2189 3588 eos
2223 3537 2478 3587 obcaecat.

315 3624 411 3673 ⁴⁸1.
446 3621 605 3672 Initio
649 3637 834 3687 pugna
872 3624 925 3672 in
964 3622 1153 3674 dextro
1192 3637 1353 3674 cornu
1393 3623 1548 3673 Rom.
1589 3622 1854 3687 pelluntur
1886 3622 2113 3687 equites,
2146 3618 2478 3683 peditesque,

316 3705 541 3754 incaute
563 3705 615 3753 in
652 3703 876 3754 medium
911 3706 1193 3763 irruentes,
1216 3706 1282 3755 ab
1303 3703 1446 3755 Afris
1468 3704 1800 3755 clauduntur.
1865 3707 1950 3753 48.
1987 3701 2050 3751 In
2080 3701 2289 3749 sinistro
2313 3713 2476 3749 cornu

315 3799 383 3835 n.
425 3784 667 3835 Numidae
710 3785 774 3834 ad
815 3786 1073 3837 Romanos
1115 3785 1485 3858 transfugiunt,
1529 3795 1585 3836 et
1626 3786 1829 3849 recepti
1873 3798 1993 3834 mox
2030 3795 2260 3833 aversam
2297 3794 2476 3829 eorum

317 3864 496 3916 aciem
529 3865 856 3917 adoriuntur.
926 3867 1223 3918 Hasdrubal
1257 3876 1452 3925 autem,
1474 3868 1662 3917 dextro
1696 3881 1858 3916 cornu
1881 3863 2080 3929 fugato,
2106 3863 2263 3912 etiam
2289 3862 2475 3911 laevum

319 3933 586 3998 adoritur.
652 3952 733 3999 49.
764 3948 945 3997 Virtus
981 3949 1153 3999 Paulli
1177 3958 1233 4000 et
1261 3964 1421 4001 mors.
1473 3941 1633 4014 'Fuga
1656 3949 1932 4012 cladesque
1956 3947 2321 3996 Romanorum.
2385 3948 2469 3993 6⁰.

319 4029 411 4080 Ex
446 4028 725 4079 minoribus
761 4030 943 4079 castris
977 4032 1236 4093 sexcenti,
1270 4032 1510 4081 hortante
1535 4047 1596 4081 ac
1632 4032 1765 4080 duce
1792 4030 1855 4079 P.
1877 4027 2185 4092 Sempronio
2206 4025 2470 4076 Tuditano

319 4110 451 4160 trib·
473 4110 577 4160 mil.
602 4111 652 4159 in
677 4112 889 4175 inaJora,
924 4120 981 4162 et
1013 4112 1136 4161 inde
1167 4127 1284 4162 cum
1321 4113 1498 4164 multis
1538 4113 1650 4162 aliis
1676 4110 1958 4162 Canusium
1994 4109 2316 4170 confugiunt.
2384 4110 2467 4155 61.

320 4190 614 4255 Hannibal,
650 4191 958 4243 Maharbale
989 4193 1189 4256 judice,
1222 4193 1438 4245 victoria
1477 4194 1554 4244 uti
1589 4193 1774 4243 nescit.
1844 4191 2066 4241 Postero
2100 4190 2186 4240 die
2212 4188 2375 4253 spolia
2398 4190 2473 4238 le-

320 4280 538 4336 guntur,
557 4283 613 4323 et
636 4279 832 4337 strages
853 4283 1145 4340 spectatur,
1163 4275 1474 4327 miserabilis
1494 4283 1549 4326 et
1572 4274 1713 4332 foeda
1736 4274 1895 4324 etiam
1916 4271 2173 4323 hostibus.
2221 4275 2304 4322 52.
2342 4270 2474 4320 Bina
