3025 4892
853 353 1066 406 maru
1115 353 1285 407 xm.
1329 354 1974 408 summissurus.
2348 340 2521 410 1485

297 501 430 563 ri&
451 498 832 562 ademerant:
875 500 953 561 ab
977 501 1068 564 his
1091 503 1370 563 recensiri
1393 502 1676 564 ditionem
1699 502 1902 586 populi
1927 501 2192 563 Romam

303 607 669 680 pervenerat.

383 705 489 759 40.
535 696 828 758 qustrior
872 698 1011 759 anni
1050 699 1344 779 sequentis
1360 697 1387 736 ἕ
1425 701 1710 761 memoria
1737 708 1847 772 est,
1874 701 1976 779 qui
2013 697 2191 759 finem

301 794 446 854 belli
482 813 598 853 non
640 792 948 855 adversum
976 793 1271 856 Samnitas
1295 795 1471 857 modo
1493 805 1858 878 ceterosque,
1884 795 1987 856 sed
2013 796 2191 855 etiam

300 910 437 951 cum
460 890 794 951 'Ian-eatinis
817 892 1032 952 attulit.
1093 892 1161 952 L.
1190 893 1472 975 Papirius
1495 893 1733 965 Cursor,
1763 892 1867 975 Sp.
1898 892 2193 953 Carvilius

299 986 625 1048 secundum
665 988 953 1060 consules,
1013 987 1309 1049 Samnitas
1363 989 1744 1071 Bruttiosque
1784 999 1846 1049 et
1888 989 2192 1049 Lucanum

299 1104 435 1144 cum
480 1083 805 1152 Tarentino
844 1085 1065 1167 populo
1107 1086 1436 1167 provincias
1484 1088 1666 1158 nacti,
1719 1086 2192 1167 expectationem

300 1181 605 1242 hominum
632 1182 798 1258 (nam
835 1183 893 1241 in
918 1203 1081 1264 spem
1125 1183 1238 1244 hoc
1264 1202 1417 1244 auno
1457 1182 1697 1243 finiendi
1740 1182 1882 1243 belli
1907 1203 2014 1263 par
2037 1181 2190 1243 istud
2236 1180 2344 1230 Liv.
2363 1196 2515 1233 xxxv.

300 1278 613 1339 consulum
661 1278 916 1340 studiose
966 1278 1261 1340 delectum
1311 1278 1530 1360 fuerat)
1581 1279 1841 1341 consiliis
1904 1278 2190 1359 factisque
2215 1249 2262 1296 θ’

301 1375 633 1455 magnificis
653 1375 1060 1457 expleverint.
1144 1376 1230 1437 Et
1255 1375 1551 1438 Samnites
1587 1377 1825 1457 quidem
1865 1396 1903 1436 a
1924 1375 2191 1437 Carvilio
2209 1373 2434 1424 Zonaras.

299 1475 659 1555 perdomiti,¹
730 1475 979 1556 primum
1020 1484 1197 1556 atque
1229 1477 1721 1557 septuagesimum
1763 1484 2155 1557 postnnnum
2172 1471 2192 1510 ¹
2233 1482 2514 1534 Limum.

299 1592 483 1653 quam
509 1571 796 1632 decertari
819 1557 1096 1653 coeperat,
1123 1572 1347 1633 meliori
1382 1592 1561 1654 quam
1584 1582 1721 1633 ante
1756 1571 1875 1633 fide
1900 1570 2189 1632 conditio-
2213 1553 2294 1600 ⁸¹·

302 1689 407 1729 aes
457 1669 623 1750 pacis
672 1689 709 1729 a
747 1668 1037 1730 Romanis
1079 1670 1377 1751 impositas
1416 1689 1715 1751 accepere.
1801 1669 1873 1730 1..-
1915 1667 2193 1749 Papirius

305 1766 674 1827 Bruttioset
716 1766 987 1827 Lucanos
1009 1766 1234 1846 magnis
1264 1766 1534 1828 cladibus
1570 1767 1842 1827 subactos
1878 1765 1957 1826 ad
1981 1784 2191 1846 pacem
2213 1780 2385 1831 zonat.

301 1863 619 1946 petendam
641 1863 943 1946 compulit.
1013 1864 1107 1925 Ut
1130 1873 1325 1924 tamen
1351 1865 1411 1924 in
1436 1884 1555 1926 uno
1578 1864 1892 1924 multorum
1914 1861 2188 1922 finitimo-

302 1979 430 2024 rum
460 1961 807 2044 populorum
833 1961 1014 2033 bello,
1041 1961 1299 2022 terminis
1330 1982 1564 2042 quoque
1610 1961 1908 2040 regionum
1930 1960 2191 2041 ipsarum

301 2059 629 2140 permixtis,
656 2060 834 2119 etiam
877 2058 1129 2140 Papirio
1152 2078 1286 2118 cum
1313 2057 1700 2130 Samnitibus,
1744 2049 2012 2120 Carvilio*
2057 2075 2194 2115 cum

305 2155 558 2216 Bruttiis
601 2155 989 2237 lucanisque,
1032 2165 1095 2216 et
1138 2156 1366 2237 utrique
1406 2175 1543 2215 cum
1573 2154 1904 2216 Tarentinis
1944 2173 2037 2214 res
2059 2151 2192 2212 fuit.

305 2252 444 2313 Nec
469 2253 628 2312 enim
651 2253 826 2314 modo
849 2254 1035 2334 copiae
1059 2252 1502 2313 Tarentinorum
1534 2251 1679 2313 fusae
1705 2251 2062 2331 fugataeque,
2090 2247 2195 2310 sed

301 2351 429 2432 ipsa
454 2370 692 2431 quoque
717 2350 925 2411 civitas
948 2351 1010 2409 in
1036 2348 1213 2410 fidem
1231 2358 1478 2431 accepta
1501 2358 1609 2409 est.
1668 2347 1851 2416 Quod
1875 2347 2192 2425 negotium,

302 2447 466 2528 quia,
494 2455 706 2528 praeter
745 2447 1049 2508 victoriam
1088 2467 1163 2507 ex
1212 2446 1569 2507 nobilissima
1609 2445 1773 2516 urbe,
1801 2442 2021 2524 Pyrrhi
2046 2442 2195 2521 regis
2249 2452 2355 2503 Liv.
2389 2450 2512 2534 Ep..

303 2555 573 2617 mortem,
591 2553 660 2605 et
685 2543 1253 2624 Carthaginiensium
1279 2542 1686 2614 calliditatem,
1721 2551 1783 2602 et
1808 2539 1994 2622 prima
2018 2558 2197 2599 aemu·
2219 2533 2332 2569 xxv.

304 2641 593 2704 lationum
635 2643 783 2704 inter
821 2642 1044 2703 Poenos
1067 2640 1487 2722 Romanosque
1515 2639 1682 2699 initia
1703 2638 1988 2709 continet,
2018 2634 2195 2719 paulo

305 2740 637 2801 noeoeatius
661 2738 1079 2821 explicandum
1108 2749 1215 2800 est.
1295 2767 1298 2774 ·

381 2843 484 2898 41.
531 2835 803 2919 Pyrrhus
827 2845 963 2898 ante
987 2837 1284 2897 biennium
1310 2853 1389 2896 ex
1416 2832 1601 2896 Italia
1616 2833 1701 2894 sic
1718 2831 2194 2910 abnavigaverat,

304 2943 371 2995 ut
389 2934 600 2995 relicto
625 2935 684 2993 in
711 2923 854 2995 urbe
881 2933 1200 2995 Tarentina
1227 2932 1494 3015 praesidio
1520 2951 1682 3014 spem
1713 2929 1931 2991 reditus
1972 2928 2061 2988 sui
2106 2926 2194 2987 sa-

302 3040 481 3093 cer-et.
567 3031 663 3092 Ea
685 3031 863 3113 paulo
891 3042 1024 3113 post
1049 3051 1201 3091 novo
1228 3031 1377 3109 reg-is
1401 3030 1565 3091 istius
1590 3030 1648 3089 in
1680 3026 2039 3088 Macedonia
2064 3043 2195 3084 suc·
2218 3034 2384 3082 zonat.

304 3141 469 3192 ceasu
495 3150 615 3190 non
643 3150 846 3210 parum
874 3110 1070 3202 aucta,
1090 3128 1377 3190 Italorum
1398 3128 1621 3187 animos
1646 3125 1922 3186 adversus
1946 3141 2193 3205 praesen·

306 3229 388 3290 tia
410 3227 634 3289 damna
676 3235 1114 3288 sustentaverat.
1199 3224 1315 3286 Vir
1356 3225 1510 3284 enim
1555 3223 1809 3284 ardentis
1850 3220 2026 3298 animi
2060 3238 2195 3279 cum

306 3435 600 3504 geramem
630 3422 804 3483 nullis
828 3422 1064 3483 auxiliis
1077 3421 1350 3502 juvisset,
1377 3417 1598 3478 bellum
1623 3414 1920 3485 intulerat,
1946 3430 2194 3492 eumque
2250 3420 2382 3470 Plut.
2413 3420 2463 3467 in

309 3521 506 3603 praelio
534 3521 754 3583 victum
795 3520 1062 3581 universo
1102 3537 1282 3600 prope
1311 3536 1494 3596 regno
1534 3515 1824 3594 ejecerat:
1867 3509 2019 3570 unde
2060 3507 2193 3572 Ro-
2218 3484 2518 3553 Pyuho,67.

308 3620 491 3680 mauis
529 3638 769 3699 quoque
808 3616 1117 3678 continuus
1148 3634 1252 3695 per
1292 3633 1366 3674 ea
1403 3621 1671 3693 tempora
1711 3617 1899 3669 metus
1940 3607 2072 3677 fuit,
2118 3624 2193 3665 ne

308 3719 660 3780 auctioribus
680 3717 866 3798 copiis
889 3713 1250 3796 regressusin
1276 3711 1519 3773 Italiam
1543 3712 1734 3789 majus
1761 3708 1947 3788 priore
1972 3703 2195 3765 bellum

371 3894 396 3928 ²
428 3894 496 3947 A.
520 3894 588 3944 U.
611 3891 670 3943 C.
693 3895 810 3942 48⁰.
840 3890 909 3942 A.
933 3889 993 3941 C.
1015 3893 1130 3940 2⁷2.
1292 3884 1428 3951 apud
1490 3897 1604 3934 uem
1628 3881 1718 3932 lib.
1751 3891 1917 3930 xxxr.
1938 3891 1985 3926 c.
2015 3878 2098 3925 sl.
2128 3874 2202 3924 le-

370 3959 388 3994 ¹
421 3961 641 4011 Prinna»
663 3963 805 4022 atque
823 3955 1215 4021 cennaco-cimam
1292 3958 1443 4018 gatus
1513 3962 1725 3999 omanus
1763 3944 1911 4011 dicit,
1942 3941 2203 3990 Romanos

311 4029 410 4090 put
426 4022 628 4087 man]
650 4022 757 4073 Hic
770 4038 803 4072 a
815 4022 963 4072 nobis
977 4033 1215 4071 numera·
1292 4018 1509 4084 gessisse
1531 4014 1723 4065 bellum
1738 4009 1983 4060 adversus
2003 4005 2204 4056 Samni·

316 4101 398 4140 ιιι·
417 4105 580 4142 nonus
602 4096 659 4140 et
678 4087 1024 4166 sexaqesimus
1052 4099 1216 4164 annus
1293 4092 1373 4134 tes
1426 4095 1485 4132 er
1502 4093 1661 4158 annos
1677 4090 1839 4144 prope
1853 4071 2202 4159 septuaginta.

320 4156 382 4205 ab
401 4156 547 4206 initio
566 4153 839 4205 Samnitici
862 4152 1010 4204 belliz
1038 4165 1141 4218 qua
1161 4164 1214 4200 in
1291 4149 1392 4199 Fre
1414 4147 1671 4198 oshemms
1703 4139 1863 4192 fastos
1880 4133 2197 4201 Capitolinos

322 4235 374 4272 re
409 4218 669 4273 faventem
711 4219 954 4272 habemns
997 4216 1216 4274 livium,
1291 4214 1544 4281 sequitur,
1563 4216 1622 4263 ut
1636 4209 1749 4274 ,iam
1771 4205 2069 4259 monuimus.
