3025 4892
469 316 644 385 1478
1289 373 1296 378 .
1426 333 1498 385 τ.
1544 332 1735 383 mvn

473 491 580 541 Liv.
606 505 703 540 vn.
723 492 772 539 8.
799 478 1176 559 reliquerunt.
1231 476 1426 539 Vetus
1449 487 1581 539 erat
1604 477 1824 559 opinio,
1850 476 2248 559 pestilentiam
2267 476 2443 538 clavo
2468 478 2546 539 ab
2571 477 2699 538 dic-

505 587 649 653 Pigh.
690 589 742 637 in
797 586 985 637 tatere
1010 576 1136 637 fixo
1158 576 1351 636 sedari
1378 596 1568 657 posse.
1616 576 1949 656 Eamspem
1973 583 2362 655 tum'quoque
2388 583 2700 647 tentatam,

473 653 656 769 ᾗχι·
795 673 1067 755 clavique
1091 674 1384 755 pangendi
1425 695 1607 734 causa
1649 673 1995 734 dictatorem
2032 672 2259 734 dictum
2282 693 2407 732 eme
2435 672 2518 734 P.
2548 672 2701 733 Cor-

796 772 1014 832 nelium
1057 770 1371 843 Rufinum,
1414 771 1873 851 haudquaquam
1912 769 2318 851 improbabilis
2360 771 2703 850 conjectura

792 878 918 932 est:
959 889 1093 930 cum
1115 879 1182 931 et
1205 869 1347 930 mali
1371 868 1714 948 magnitudo
1739 869 1817 928 ad
1857 868 2057 928 omnia
2088 866 2405 947 quaeoenda
2443 867 2705 928 remedia

795 966 1094 1028 stimulare
1119 977 1343 1027 mentes
1369 976 1598 1047 posset:
1641 976 1705 1026 et
1724 964 2014 1025 Rufinum
2034 984 2189 1025 auno
2206 966 2475 1045 sequenti
2499 985 2538 1026 a
2557 985 2701 1026 cen·

794 1064 1020 1126 sor-ibus
1044 1074 1309 1125 notatum
1336 1064 1515 1125 fuisse
1541 1072 1791 1134 constet,
1818 1073 2132 1145 postquam
2148 1062 2238 1122 bis
2257 1061 2461 1123 conisul
2488 1073 2550 1123 et
2572 1062 2701 1123 dic-

796 1171 953 1223 tator
976 1161 1180 1224 fuisset
1193 1183 1210 1233 ;
1255 1183 1444 1243 neque
1486 1162 1795 1223 dictamrae
1833 1162 1964 1241 ejus
1999 1159 2097 1221 vel
2137 1161 2348 1221 certior
2372 1161 2703 1222 inveniatur

795 1261 1098 1332 memoria,
1123 1261 1220 1321 vel
1245 1261 1684 1322 convenientior
1708 1259 1890 1320 locus.

805 1387 812 1394 ·
875 1364 978 1422 27.
1022 1358 1108 1418 Et
1149 1357 1426 1420 adversus
1464 1343 1702 1419 morbos
1752 1356 2014 1437 quidem,
2050 1363 2119 1416 ut
2158 1354 2368 1436 potuit,
2404 1356 2699 1436 provisum

793 1462 901 1515 est.
959 1449 1282 1516 Armorum
1296 1477 1442 1518 cura
1462 1459 1748 1537 majorem
1766 1454 2111 1514 industriam
2126 1453 2700 1532 contentionemque,

795 1553 1088 1634 praecipue
1134 1555 1212 1613 ob
1258 1553 1663 1615 difficultatem
1698 1552 2055 1624 delectuum,
2085 1550 2461 1633 postulabat.'
2528 1549 2699 1611 Nam

795 1659 1004 1730 pra-,ter
1044 1650 1490 1716 diuturnitatem
1534 1650 1699 1723 belli,
1746 1650 1927 1711 etiam
1965 1648 2143 1727 longo
2159 1651 2291 1729 jam
2320 1657 2581 1729 tempore
2606 1650 2699 1709 in-

792 1745 950 1807 festa
973 1747 1100 1808 luae
1126 1748 1365 1810 taedium
1387 1770 1580 1810 rerum
1606 1748 1865 1809 omnium
1897 1747 2229 1808 hominibus
2253 1747 2569 1826 injecerat:
2610 1748 2699 1806 ci-

793 1844 1020 1925 tatiqne
1055 1846 1322 1926 juniores
1357 1846 1631 1907 militiam
1676 1846 1826 1906 mira
1848 1844 2243 1906 obstinatione
2267 1842 2697 1904 detrectabant.

798 1937 921 2001 Sed
962 1944 1353 2023 pervicaciam
1398 1946 1570 2005 istam
1614 1944 1895 2004 severitas
1930 1952 1994 2003 et
2032 1941 2364 2003 constantia
2390 1940 2502 2000 Μ’.
2530 1939 2701 2000 Curii

802 2037 1050 2100 Dentati
1092 2041 1410 2102 secuudum
1450 2040 1705 2103 consulis
1744 2041 1934 2121 fregit.
2020 2039 2085 2100 Is
2108 2040 2288 2111 enim,
2317 2038 2386 2100 L.
2414 2037 2703 2099 Cornelio

471 2134 742 2252 qumrzn
802 2136 1054 2199 Lentulo
1091 2139 1345 2219 collega,
1386 2141 1786 2220 magistratum
1817 2141 1951 2219 jam
1978 2138 2270 2200 iniveraw
2337 2134 2492 2196 Cum
2522 2136 2705 2214 igitur

470 2217 637 2330 ”⁸:³³
677 2268 744 2316 ⁸⁴-
801 2235 858 2294 in
887 2234 1188 2317 Capitolio
1230 2237 1522 2299 delectum
1565 2238 1808 2299 haberet
1833 2235 2072 2309 Curius,
2097 2233 2482 2316 respondente
2509 2232 2699 2304 nullo,

471 2330 730 2447 ww
798 2334 1090 2394 vocabula
1104 2336 1358 2396 tribuum
1374 2335 1634 2398 omnium
1654 2336 1713 2395 in
1735 2353 1939 2395 urnam
1956 2333 2195 2415 conjici,
2212 2351 2468 2411 cumque
2488 2330 2702 2392 Pollia

472 2411 549 2512 η’,
568 2430 619 2514 ’3
634 2398 775 2515 2⁴1⁸*
798 2431 981 2492 tribus
1005 2432 1262 2505 exiisset,
1290 2434 1449 2515 quod
1491 2453 1569 2494 ex
1610 2454 1684 2494 ea
1728 2451 1938 2493 nomen
1964 2432 2213 2513 primum
2237 2439 2391 2490 sorte
2417 2428 2698 2490 eductum

795 2539 942 2600 erat,
982 2531 1153 2591 citari
1189 2533 1386 2612 jussit.
1468 2531 1693 2592 Tacere
1734 2529 2155 2611 perseverantis
2193 2529 2354 2588 bona
2403 2527 2695 2608 primum:

797 2625 1009 2688 deinde
1049 2648 1184 2688 cum
1226 2630 1480 2707 graviter
1520 2628 1596 2688 de
1637 2626 1892 2689 consulis
1933 2627 2151 2707 injuria
2171 2633 2411 2706 questus
2430 2624 2703 2684 tribunos

499 2727 609 2780 Lim.
644 2729 781 2797 Epit.
799 2724 1175 2805 appellasset,
1201 2727 1388 2807 ipsum
1418 2746 1655 2807 quoque
1680 2724 1984 2787 vendidit:
2028 2734 2047 2761 ‘
2079 2723 2220 2783 nihil
2256 2743 2407 2804 opus
2429 2742 2557 2783 esse
2584 2723 2701 2781 rei-

472 2809 582 2912 ξιξ,
601 2861 742 2911 Mu·
798 2821 1053 2901 publicae
1095 2843 1167 2883 eo
1210 2824 1363 2894 cive,
1404 2824 1506 2904 qui
1541 2824 1792 2884 nesciret
1818 2823 2067 2905 parere,’
2092 2820 2389 2903 praefatus.
2471 2818 2701 2901 Neque

799 2918 1013 2978 tribuni
1039 2919 1262 2981 auxilio
1286 2919 1555 2982 fuerunt:
1599 2929 1662 2981 et
1686 2930 1893 3003 postea
1919 2941 2152 3001 quoque
2166 2918 2423 2979 salubris
2433 2918 2699 2999 exempli

504 3022 609 3101 Οἱς.
653 3040 739 3089 pro
783 3013 1060 3094 judicata
1082 3036 1172 3076 res
1197 3017 1255 3076 in
1277 3018 1757 3078 consuetudinem
1782 3018 2030 3088 transiit,
2055 3026 2122 3077 ut
2144 3016 2377 3077 delectu
2402 3015 2511 3076 rite
2534 3025 2696 3087 acto,

470 3086 683 3205 εἴσω»
726 3107 773 3141 ⁰·
793 3112 896 3191 qui
921 3111 1091 3172 miles
1113 3113 1304 3174 factus
1325 3134 1442 3175 non
1467 3124 1642 3186 esset,
1670 3116 1728 3175 in
1751 3115 2088 3176 servitutem
2110 3113 2479 3175 venderetur.
2544 3111 2699 3174 Hoc

793 3217 1007 3270 terrore
1031 3211 1206 3271 ceteri
1234 3210 1432 3274 adacti
1457 3212 1534 3272 ad
1562 3212 1797 3273 nomina
1821 3213 2102 3293 promtius
2121 3211 2355 3272 danda:
2398 3211 2697 3291 conscrip-

792 3307 985 3389 tisque
1027 3307 1371 3388 legionibus,
1403 3329 1537 3390 quae
1574 3310 1825 3371 decretae
1866 3321 2054 3383 erant,
2096 3311 2156 3371 in
2199 3309 2485 3371 hosticum
2515 3309 2699 3368 ambo

521 3419 654 3471 Plnt.
687 3422 739 3471 in
792 3404 1059 3466 consules
1081 3417 1403 3470 moverunt.
1465 3407 1748 3470 Lentudus
1773 3408 1830 3468 in
1860 3409 2182 3470 Lucaniam
2212 3408 2409 3475 irruit3
2454 3405 2697 3467 Samni-

468 3484 671 3601 ff‘hffi
724 3504 769 3539 ⁰·
791 3511 884 3563 tas
910 3502 1150 3564 adorms
1170 3514 1260 3566 est
1286 3505 1517 3566 Curius.

871 3606 971 3661 28.
1018 3600 1268 3662 Excitus
1291 3603 1369 3662 ad
1408 3605 1538 3683 ejus
1578 3604 1664 3663 rei
1706 3602 1926 3664 samam
1976 3603 2268 3685 Pyr-rhua,
2297 3602 2542 3664 lustrato
2566 3601 2693 3664 Ta-

788 3698 939 3759 renti
963 3699 1223 3761 exercitu
1248 3720 1377 3770 suo,
1405 3700 1671 3780 peditum
1696 3698 1878 3761 ferme
1901 3701 2110 3781 viginti
2147 3700 2356 3772 millia,
2384 3700 2497 3761 tria
2522 3702 2697 3781 equi·

787 3803 913 3855 tum
937 3797 1243 3859 recensuit.
1329 3796 1486 3857 Cum
1525 3797 1636 3870 his,
1664 3807 1727 3857 et
1748 3798 1986 3859 delecta
2008 3798 2456 3862 Tarentinorum
2471 3801 2695 3879 juven-

787 3900 936 3963 tute,
967 3891 1270 3953 Samnium
1299 3894 1608 3973 ingressus,
1640 3893 1942 3956 Samnitas
1976 3895 2139 3958 dicto
2170 3897 2359 3958 minus
2383 3896 2695 3958 audientes

788 3988 1016 4059 habuit,
1046 3990 1384 4071 tardiusque
1410 3990 1486 4051 ad
1515 4012 1646 4052 eum
1669 3992 1898 4053 auxilia
1916 4004 1981 4054 et
2009 3994 2430 4076 infrequentius
2450 4015 2689 4065 venere,

785 4084 995 4146 animis
1007 4106 1122 4147 non
1139 4087 1217 4147 ob
1232 4086 1488 4149 cladium
1503 4088 1679 4150 modo
1694 4091 2155 4170 magnitudinem
2179 4092 2364 4165 sessis,
2384 4092 2490 4153 sed
2505 4093 2689 4153 etiam

1367 4218 1388 4243 θ
1424 4209 1487 4260 Α.
1510 4211 1578 4263 U.
1601 4212 1663 4264 C.
1686 4216 1802 4264 4¹1⁷.
1836 4213 1903 4266 Α.
1925 4213 1984 4267 C.
2008 4219 2125 4267 276.
