3025 4892
505 344 675 414 1524
1464 358 1534 405 τ.
1582 356 1769 406 mvn

828 503 1026 565 favere
1052 501 1745 581 dictitabant,'originem
1784 519 1952 561 suam
1990 510 2056 560 et
2093 500 2205 582 ipsi
2240 498 2318 561 ad
2356 496 2608 561 AEneam
2648 520 2727 561 ex

826 599 1089 681 Trojano
1114 598 1383 660 incendio
1409 598 1722 680 profugum
1750 596 2083 659 reserentes.
2144 596 2365 678 Neque
2379 597 2570 658 multo
2596 607 2731 679 post

505 705 651 753 Diod.
836 697 1097 759 Alienati
1125 697 1415 758 Romanis
1439 705 1846 762 accesserunt:
1887 696 1966 757 ad
2009 694 2294 756 Hilarum
2324 715 2488 766 vero,
2527 694 2731 775 Tyrit-

833 799 982 867 tum,
1007 804 1070 856 et
1095 793 1403 866 Ascelum,
1429 793 1489 854 vi
1513 803 1577 853 et
1598 792 1888 854 machinis
1904 813 2054 874 opus
2079 792 2227 853 fuit:
2269 811 2457 872 eoque
2477 792 2735 853 severius

833 892 896 953 in
913 893 1101 954 victos
1123 890 1469 953 consultum.
1555 890 1700 957 Quo
1742 899 1959 950 terrore
1998 889 2391 971 Tyndaritani
2435 890 2736 970 proximos

832 1010 896 1050 se
923 988 1205 1071 periculo,
1231 996 1294 1048 et
1317 987 1547 1050 auxilia
1568 986 1743 1067 longe
1766 1007 1892 1048 esse
1917 995 2237 1058 cernentes,
2272 1006 2408 1047 cum
2447 986 2560 1067 ipsi
2582 1006 2737 1065 qno·

833 1106 949 1165 que
996 1085 1072 1145 de
1108 1084 1399 1145 tradenda
1449 1083 1744 1145 Romanis
1783 1086 1925 1145 urbe
1968 1083 2390 1154 consultarent,
2438 1101 2478 1142 a
2525 1082 2741 1143 Ptenis

835 1181 1111 1263 prohibiti
1136 1189 1307 1242 sunt:
1351 1201 1487 1242 nam
1527 1180 1616 1242 illi
1657 1201 1735 1242 ex
1779 1182 1951 1241 rebus
1990 1182 2134 1262 ipsis
2170 1181 2517 1260 conjectura
2559 1187 2739 1260 capta

834 1278 978 1359 quid
1002 1288 1293 1357 ageretur,
1334 1278 1615 1359 primores
1646 1278 1903 1340 civitatis
1935 1277 2205 1340 obsidum
2247 1278 2381 1339 loeo
2407 1275 2739 1357 Lilybmm

837 1383 1200 1437 avexerunt.
1241 1375 1424 1435 etiam
1462 1374 1778 1447 frumento,
1828 1376 1992 1458 vino,
2052 1385 2497 1476 ceterarumque
2547 1389 2740 1433 rerum

839 1480 1131 1552 apparatu
1158 1471 1520 1553 absportato.

516 1591 641 1640 Fron
644 1589 821 1642 gsmt,
921 1574 1024 1632 47.
1070 1566 1194 1630 His
1234 1569 1596 1649 temporibus
1630 1569 1878 1630 Otacilii
1920 1569 2122 1631 Crassi
2171 1568 2426 1630 consulis
2470 1567 2635 1628 utilis
2684 1577 2747 1628 et

545 1658 667 1707 v..1
841 1665 1191 1728 conveniens
1233 1663 1527 1726 Romana
1550 1664 1879 1747 disciplinae
1904 1667 2184 1727 severitas
2208 1665 2355 1726 fuit:
2399 1666 2502 1746 qni
2527 1664 2746 1730 militet

843 1762 922 1822 ab
950 1761 1302 1824 Hannibale
1328 1764 1483 1845 turpi
1518 1772 1697 1845 pacto
1722 1764 2141 1826 incolumitatis
2162 1765 2272 1824 sub
2302 1765 2514 1843 jugum
2544 1783 2749 1822 nimos

843 1869 1016 1921 extra
1039 1859 1263 1921 vallum
1290 1860 1526 1921 tendere
1542 1863 1744 1942 jussit,
1772 1871 1840 1922 ut
1878 1862 2131 1923 hostium
2172 1861 2596 1922 incursionibus
2637 1879 2746 1920 ex-

845 1957 1041 2038 positi,
1069 1977 1257 2038 neque
1282 1956 1428 2017 alibi
1448 1978 1629 2038 quam
1655 1960 1713 2018 in
1739 1959 1954 2019 virtute
1995 1979 2160 2041 spem
2200 1960 2504 2028 babentes,
2531 1955 2747 2028 confir·

845 2063 1143 2116 mar-entur
1167 2054 1399 2126 animis,
1445 2056 1738 2135 armisque
1771 2057 1970 2137 potius
1994 2076 2171 2137 quam
2201 2055 2336 2116 loco
2360 2075 2421 2115 se
2450 2056 2601 2115 tueri
2626 2053 2753 2114 dis·

846 2160 1063 2211 cerent.
1148 2149 1305 2212 Post
1331 2151 1459 2212 haec
1473 2160 1536 2213 et
1560 2151 1681 2212 alia
1706 2172 1821 2213 non
1847 2154 2086 2233 majoris
2104 2153 2384 2214 momenti
2396 2161 2586 2232 gesta,
2610 2169 2751 2212 curn

523 2261 693 2314 Zonar.
848 2248 1055 2329 hyems
1089 2248 1436 2320 immineret,
1463 2248 1746 2330 praesidiis
1771 2271 1877 2332 per
1908 2259 2236 2333 opportuna
2263 2250 2397 2310 loca
2430 2249 2751 2331 dispositis,

843 2345 1136 2416 consules,
1178 2345 1405 2426 reliquo
1440 2347 1702 2407 exercitu
1747 2350 1808 2408 in
1852 2347 2099 2409 Italiam
2140 2355 2457 2428 reportato,
2486 2345 2753 2408 Romam

850 2441 1163 2504 redienmt.
1249 2442 1351 2503 Ibi
1380 2443 1492 2503 Μ’.
1524 2443 1796 2516 Valerio,
1815 2447 1987 2525 cujus
2010 2465 2084 2506 eo
2108 2444 2271 2505 bello
2296 2443 2524 2504 felicior
2549 2453 2614 2504 et
2638 2446 2751 2504 uti-

853 2539 964 2600 lior
1014 2560 1193 2622 opera
1232 2540 1444 2612 fuerat,
1488 2540 1813 2621 triumphus
1848 2542 2155 2603 decretus.
2139 2562 2155 2578 ·
2197 2561 2373 2623 quem
2414 2552 2555 2602 ante
2595 2540 2753 2601 diem

533 2658 790 2723 FastiCapi
777 2666 830 2708 η,
855 2652 1006 2699 xvr.
1053 2637 1363 2698 Kalendas
1388 2636 1636 2718 Apriles
1658 2637 1735 2698 de
1762 2637 1969 2699 Poenis
1992 2647 2055 2700 et
2073 2659 2209 2719 rege
2234 2638 2566 2699 Siculorum
2597 2637 2755 2699 Hie-

564 2754 638 2802 v,
614 2771 715 2804 arm
748 2771 833 2819 ..p
857 2754 993 2795 rone
1020 2734 1212 2795 duxit.
1296 2736 1770 2796 Praetervectum
1812 2736 1962 2797 inter
1991 2736 2184 2817 spolia
2223 2735 2588 2815 horologium
2630 2755 2757 2796 esse

530 2818 660 2933 {⁰¹¹⁰-
706 2836 802 2869 ⁹¹¹·
859 2830 991 2891 ideo
1018 2840 1359 2892 annotatum
1385 2841 1495 2903 est,
1513 2832 1655 2912 quia
1674 2852 1765 2893 res
1791 2833 1870 2894 ad
1894 2853 2026 2895 eam
2049 2833 2211 2894 diem
2236 2834 2601 2914 incomperta
2630 2832 2758 2893 R„-

601 2918 615 2934 ’
858 2946 970 2987 moe
992 2926 1220 2987 fuerat.
1266 2927 1326 2987 id
1355 2927 1578 2989 Catina
1604 2938 1841 3011 recepta
1864 2927 2262 3011 deportatum,
2281 2930 2533 2990 deinde
2519 2949 2579 2989 ιιι
2608 2932 2758 3011 pub-

861 3021 976 3082 lico
994 3022 1313 3083 secundum
1338 3023 1607 3085 Rostra
1590 3045 1651 3085 ιιι
1663 3026 1957 3088 —columna
1982 3027 2263 3088 Valerius
2282 3028 2506 3088 statuit.
2553 3025 2759 3087 Idem·

533 3149 647 3197 pu„
672 3163 782 3198 m
791 3139 976 3199 „que
1002 3120 1288 3192 tabulam,
1315 3122 1373 3183 in
1404 3142 1527 3203 qua
1551 3122 1815 3233 praelium
1841 3145 1962 3204 quo
1986 3124 2209 3186 Poenos
2233 3133 2297 3185 et
2319 3123 2651 3184 Hieronem
2673 3126 2761 3184 vi·-

533 3219 584 3264 4.
729 3253 736 3257 -
859 3226 1024 3278 cerat
1048 3216 1344 3299 depictum
1369 3218 1505 3290 fuit,
1547 3221 1608 3279 in
1652 3220 1837 3281 latere
1874 3222 2055 3282 curiae
2099 3220 2380 3282 Hostiliae
2421 3223 2759 3304 proposuit:

863 3314 1022 3395 quod
1057 3324 1196 3376 ante
1231 3336 1366 3377 eum
1408 3315 1552 3378 fecit
1598 3336 1790 3389 nemo,
1850 3327 2055 3399 postea
2090 3317 2375 3401 plerique.
2461 3318 2763 3380 Messalla·

865 3432 1190 3491 cognomen
1233 3413 1372 3475 huic
1408 3414 1661 3475 Valerio
1702 3416 1781 3476 ab
1805 3416 1950 3476 urbe
1996 3417 2278 3477 Messana
2312 3415 2561 3476 inditum
2584 3415 2762 3477 fuisse

537 3527 650 3576 sen.
652 3526 713 3576 de
727 3527 792 3576 Br
770 3543 843 3577 re·
865 3517 1129 3570 constat:
1157 3511 1265 3571 sed
1289 3511 1484 3584 miror,
1503 3513 1583 3572 ab
1607 3532 1683 3573 ea
1706 3522 1885 3596 capta
1908 3513 2166 3585 baisse,
2188 3532 2302 3575 non
2326 3513 2765 3574 contemnendis

542 3594 626 3707 ἷξ·
649 3594 844 3708 Vi‘ffia·
868 3607 1201 3689 auctoribus
1223 3608 1421 3670 credi.
1463 3629 1598 3670 cum
1628 3610 1822 3690 potius
1849 3610 1983 3671 ideo
2007 3611 2341 3693 impositum
2367 3612 2511 3692 ipsae
2528 3630 2622 3671 res
2644 3611 2767 3671 evi-

539 3724 671 3771 c.r0b
711 3724 796 3772 s.-
869 3701 1074 3764 denter
1101 3714 1368 3784 arguant,
1395 3705 1554 3786 quod
1586 3706 1922 3769 Messanam
1951 3728 1990 3769 a
2030 3709 2237 3770 Poenis
2262 3716 2325 3767 et
2351 3705 2623 3768 Hierone
2646 3707 2767 3768 dis·

536 3794 799 3841 tum.1..6
868 3819 1033 3861 eessu
1070 3802 1261 3883 Appii
1287 3802 1531 3863 Claudii
1557 3805 1749 3865 acrius
1775 3805 2132 3878 infestatam,
2161 3803 2280 3864 illis
2300 3805 2624 3876 summotis,
2654 3805 2767 3865 hoe

870 3897 1270 3968 reconciliato,
1295 3899 1621 3961 liberasset.

949 3999 1051 4053 48.
1096 3993 1261 4055 Inter
1296 3995 1423 4056 brec
1460 4016 1597 4057 cum
1641 3997 1835 4059 adbuc
1882 3997 2217 4080 pestilentia
2257 4007 2504 4059 vexaret
2538 3998 2765 4068 urbem,

545 4117 845 4184 Fuficapit.
870 4087 1213 4151 dictatorem
1255 4090 1412 4153 clavi
1448 4091 1666 4172 figendi
1706 4116 1887 4156 causa
1938 4096 2057 4156 dici
2097 4094 2341 4176 placuit.
2428 4094 2645 4156 Dictus
2683 4106 2772 4155 est

874 4185 988 4246 Cn.
1039 4186 1280 4249 Fulvius
1321 4190 1435 4250 Cn.
1485 4190 1558 4252 F.
1599 4189 1712 4252 Cn.
1756 4192 1844 4253 N.
1919 4193 2222 4256 Maximus
2259 4191 2680 4254 Centumalus:
2725 4193 2772 4251 is
