3025 4892
530 376 706 445 1658
1473 389 1542 437 τ.
1591 388 1779 439 mvn

532 560 609 607 se
652 536 1090 605 arcessierat:
1133 541 1420 621 actaque
1464 555 1574 601 res
1606 537 1805 603 etiam
1846 536 1915 600 in
1963 539 2200 600 senatu
2234 534 2472 614 suerat,
2505 534 2735 601 Barci-

527 643 637 708 nis
681 641 1072 717 nitentibus,
1122 647 1198 704 ut
1242 645 1664 705 assuesceret
1709 639 1969 704 militiae
2026 639 2400 718 Hannibal,
2428 643 2638 724 atque
2661 640 2731 703 in

527 752 846 832 paternas
901 748 1363 809 succresceret
1420 750 1669 825 opes.¹³
1764 742 2030 820 Hanno,
2089 741 2366 807 alterius
2419 741 2732 806 factionis

527 850 864 933 princeps,
907 858 926 884 ‘
952 846 1037 911 Et
1058 866 1328 932 aequum
1360 847 1705 929 postulare
1731 846 2039 922 videtur,'
2084 847 2326 930 inquit,
2370 850 2393 880 ‘
2419 844 2731 910 Hasdru-

527 953 682 1030 bal3
728 959 796 1014 et
827 970 952 1031 ego
980 958 1033 998 ¹⁴
1075 959 1297 1013 tamen
1326 968 1458 1012 non
1499 969 1769 1025 cense0‚
1799 949 1983 1032 quod
2037 950 2221 1031 petit,
2272 944 2733 1012 tribuendum!

529 1053 699 1117 Cum
730 1051 1165 1118 admiratione
1201 1058 1333 1117 tarn
1369 1053 1685 1135 ancipitis
1732 1055 2082 1117 sententiae
2110 1054 2174 1116 in
2210 1072 2282 1116 se
2311 1070 2546 1115 omnes
2576 1069 2731 1114 con-

527 1157 862 1234 vertisset,
907 1160 927 1192 ‘
952 1156 1211 1220 Florem
1255 1154 1524 1231 aetatis:
1568 1155 1809 1240 inquit,
1855 1160 1874 1187 ‘
1903 1154 2315 1231 Hasdrubal,
2350 1173 2548 1237 quern
2579 1152 2729 1236 ipse

526 1261 708 1344 patri
740 1258 1150 1323 Hannibalis
1179 1258 1523 1323 fruendum
1558 1259 1861 1342 praebuit,
1898 1257 2090 1343 justo
2124 1258 2277 1341 jure
2324 1276 2482 1321 enm
2512 1276 2554 1321 a
2593 1255 2732 1320 filio

526 1364 741 1447 repeti
783 1370 1040 1428 censet.
1130 1361 1276 1425 Nos
1320 1370 1539 1425 tamen
1584 1362 1851 1426 minime
1895 1361 2110 1440 decet,
2134 1361 2554 1446 juventutem
2583 1377 2732 1423 nos·

525 1472 697 1532 tram
746 1485 866 1549 pro
896 1465 1161 1528 militari
1192 1463 1564 1528 rudimento
1607 1464 2026 1529 assuefacere
2060 1464 2321 1530 libidini
2356 1468 2732 1547 praetorum.

525 1567 637 1633 An
683 1566 815 1632 hoc
862 1568 1194 1643 timemuS‚
1229 1586 1313 1630 ne
1362 1564 1776 1631 Hamilcaris
1823 1566 2003 1632 filius
2041 1567 2233 1632 nimis
2276 1586 2424 1630 sero
2452 1565 2733 1650 imperia

527 1668 886 1734 immodica
915 1676 983 1733 et
1008 1669 1184 1751 regni
1220 1669 1479 1752 paterni
1500 1670 1795 1753 speciem
1821 1670 2091 1735 videat?
2111 1678 2196 1719 '⁵¹’
2234 1675 2319 1746 et,
2343 1668 2537 1752 cujus
2561 1670 2731 1750 regis

527 1792 775 1855 genero
822 1771 1215 1837 haereditarii
1260 1772 1392 1836 sint
1437 1772 1652 1837 relicti
1678 1770 1730 1811 ¹⁶
1772 1774 2108 1838 exercitus
2152 1773 2386 1849 nostri,
2418 1773 2567 1856 ejus
2595 1771 2731 1836 filio

526 1895 761 1959 parurn
806 1883 1059 1940 mature
1107 1875 1533 1940 serviamus?
1625 1873 1793 1958 Ego,
1821 1876 2025 1939 istum
2059 1877 2372 1961 juvenem
2403 1874 2590 1939 dorni
2634 1880 2732 1938 te·

525 1979 835 2057 nendum,
866 1980 993 2043 sub
1038 1979 1318 2061 legibus,
1362 1978 1489 2043 sub
1541 1979 2046 2060 magistratibus
2093 1976 2465 2043 docendum
2510 1977 2731 2042 vivere

526 2100 731 2164 aequo
769 2081 920 2166 jure
965 2102 1115 2147 cum
1153 2083 1410 2159 ceteris,
1440 2100 1723 2147 censeo:
1767 2102 1849 2147 ne
1877 2080 2290 2167 quandoque
2323 2097 2575 2165 parvus
2619 2078 2728 2144 hic

522 2182 700 2265 ignis
727 2184 1099 2249 incendium
1132 2186 1366 2268 ingens
1396 2183 1814 2250 exsuscitet.'

611 2289 675 2349 4.
722 2286 943 2351 Pauci
994 2307 1075 2351 ac
1119 2287 1324 2352 ferme
1371 2288 1670 2371 optimus
1715 2288 2002 2374 quisque
2047 2286 2367 2351 Hannoni
2416 2284 2730 2350 assentie-

525 2389 805 2456 bantur:
851 2389 966 2454 sed
998 2387 1105 2476 (ut
1147 2391 1543 2474 plerumque
1585 2387 1691 2474 fit)
1720 2392 1934 2476 major
1978 2410 2134 2476 pars
2167 2389 2505 2456 meliorem
2552 2387 2731 2453 vicit.

528 2490 794 2557 Missus
851 2491 1201 2557 Hannibal
1253 2493 1324 2558 in
1385 2493 1847 2577 Hispaniam
1907 2497 2123 2578 primo
2176 2493 2402 2561 statim
2448 2490 2731 2557 adventu

1450 2681 1752 2702 ΟΟΟΟΟΟΟΟ
1755 2682 1813 2703 u

594 2797 656 2844 12
691 2793 833 2845 Olim
869 2795 1138 2860 legebatur
1168 2798 1301 2849 intra
1328 2799 1756 2861 pratariam—1³
1790 2799 1807 2827 ‘
1829 2800 1891 2849 In
1921 2804 2145 2862 paternas
2171 2800 2479 2847 succresceret
2508 2811 2649 2860 open
2679 2794 2732 2844 id

525 2858 639 2909 aliis
661 2861 764 2922 legi
789 2876 882 2925 pro
909 2864 1046 2924 vulg.
1067 2867 1351 2924 succederet,
1375 2873 1611 2916 notatum
1634 2866 1685 2914 in
1711 2880 1870 2929 marg.
1893 2866 1994 2914 Ms.
2019 2865 2154 2913 mor.
2180 2863 2336 2927 idque
2367 2865 2525 2911 etiam
2552 2861 2736 2924 proba·

521 2931 649 2974 runt
686 2925 849 2975 Gron.
881 2933 938 2975 et
958 2926 1149 2976 Bauer.
1218 2930 1272 2977 Is
1294 2928 1405 2991 jam
1447 2931 1582 2981 bene
1621 2932 1839 2987 monuit,
1873 2930 2098 2980 nondum
2121 2932 2362 2978 succedere
2388 2926 2733 2976 Hannibalem

521 2989 664 3054 patri
686 2990 943 3051 debuisse,
965 2992 1056 3038 sed
1079 3007 1283 3042 crescere
1306 3003 1463 3058 atque
1487 2997 1698 3047 educari
1724 2998 1773 3045 in
1796 3011 1942 3058 spem
1968 3006 2197 3058 paternae
2221 2993 2494 3055 potentiae,
2518 3006 2619 3042 non
2643 3007 2735 3057 po-

458 3103 463 3106 ,
525 3053 735 3103 testatis
769 3062 823 3104 et
851 3057 1093 3111 numeris,
1117 3058 1207 3105 sed
1230 3075 1369 3121 opum
1392 3059 1852 3126 auctoritatisque-⁹
1889 3062 2222 3124 Rupert.-14
2257 3063 2274 3088 ‘
2307 3060 2368 3107 Et
2391 3072 2636 3121 aqua-sn
2655 3063 2732 3106 .el

524 3134 629 3180 ego.
667 3119 783 3168 Nisi
805 3124 851 3167 ee
873 3124 1036 3183 primo
1061 3122 1175 3170 loco
1200 3124 1287 3182 sit,
1305 3140 1368 3173 ex
1388 3140 1483 3175 rma
1496 3134 1633 3190 parte
1645 3144 1665 3185 ,·
1687 3138 1740 3176 et
1762 3128 2083 3182 secundmem
2098 3126 2248 3174 ulcere
2264 3128 2434 3187 parte,-
2457 3123 2557 3172 *ἱῑῑῑ
2574 3123 2736 3187 Remi·

523 3191 665 3233 natae
682 3186 953 3247 particulae
976 3192 1024 3235 et
1044 3191 1094 3235 et
1116 3203 1197 3236 me
1222 3204 1319 3237 non
1344 3194 1544 3255 assequi
1570 3193 1622 3241 in
1650 3194 1877 3243 hocloco
1902 3194 2123 3256 ingenue
2146 3188 2326 3240 fateor.
2359 3190 2528 3239 Deest
2555 3188 2736 3238 vocula

524 3255 572 3298 et
601 3258 722 3299 ante
744 3265 948 3314 aquam,
971 3259 1103 3301 teste
1130 3254 1568 3320 Drakenborcliio,
1592 3260 1642 3307 in
1665 3260 1789 3309 Rec.
1811 3272 2026 3321 eamque
2049 3256 2321 3306 delendam
2352 3268 2468 3304 esse
2489 3255 2735 3318 ascriptis

522 3316 662 3364 notis
678 3315 883 3391 ‘indicat
905 3318 1141 3367 librarius
1167 3321 1293 3370 Lov.
1317 3327 1364 3372 2.
1398 3324 1500 3372 Sed
1529 3324 1801 3374 delendum
1825 3322 2045 3372 fortasse
2067 3329 2113 3372 et
2140 3331 2260 3370 ante
2282 3336 2387 3382 ego,
2411 3329 2468 3369 et
2490 3321 2635 3369 iocus
2657 3319 2736 3369 sic

524 3380 952 3432 constituendus:
990 3385 1102 3433 Etsi
1121 3401 1306 3448 «equum
1325 3420 1340 3436 .
1360 3422 1372 3437 .
1388 3422 1402 3436 .
1418 3404 1504 3450 ego
1526 3395 1700 3439 lamen.
1717 3422 1730 3438 .
1748 3424 1761 3438 .
1784 3426 1798 3440 .
1816 3390 1894 3438 vel
1926 3395 1976 3438 at
2011 3403 2099 3450 ego
2130 3402 2222 3450 pro
2243 3392 2290 3436 ee
2315 3400 2402 3447 ego
2437 3384 2736 3448 legendam,

525 3445 601 3494 ita
634 3453 691 3495 ut
719 3452 764 3495 et
798 3456 919 3497 ante
951 3464 1135 3512 equum
1159 3453 1273 3514 jam
1297 3453 1384 3513 sit,
1421 3454 1681 3517 profecto,
1715 3470 1777 3504 ac
1813 3470 1967 3513 sane;
2003 3455 2051 3501 in
2084 3468 2183 3517 qna
2207 3451 2581 3515 significatione
2605 3449 2664 3498 τὸ
2686 3456 2735 3499 et

524 3512 590 3559 ab
614 3511 759 3560 initio
782 3516 1151 3563 enuntiationis
1177 3532 1533 3583 nonnunquam
1559 3522 1680 3583 poni
1704 3518 1873 3568 solet?
1909 3518 2273 3580 Deering.-l5
2309 3516 2464 3582 Legit
2480 3517 2615 3568 Tan.
2645 3513 2735 3570 Fi·

522 3574 954 3629 berinduat.-16
987 3581 1325 3632 scribendum
1354 3597 1528 3636 monet
1551 3586 1603 3638 J.
1629 3586 1685 3636 F.
1707 3585 1936 3636 Gronov.
1967 3590 2080 3636 suut
2104 3582 2277 3632 relicti.

1529 3745 1743 3797 NOTAE

525 3836 653 3887 baiis
691 3839 820 3902 vita,
856 3850 913 3892 et
950 3859 1015 3894 ex
1059 3860 1273 3896 numero
1318 3861 1591 3909 annorum,
1674 3856 1781 3898 tum
1828 3847 1967 3909 belli,
2006 3854 2060 3896 et
2106 3846 2390 3909 imperator
2432 3843 2732 3894 exercitus:

524 3916 609 3979 qui
634 3916 949 3980 colliguntur
971 3922 1037 3972 ab
1060 3924 1372 3974 Hamilcaris
1396 3927 1445 3973 in
1467 3925 1591 3974 His·
1668 3923 1758 3973 sed
1784 3925 1963 3973 horum
1991 3930 2135 3972 tanta
2159 3929 2391 3985 potestas
2413 3929 2511 3983 est,
2541 3928 2600 3970 ut
2633 3934 2734 3969 non

524 3993 732 4055 puniam
759 3997 997 4062 transitu,
1016 4000 1359 4051 Hannibalem
1382 4003 1513 4051 diros
1535 4010 1590 4051 et
1669 4004 1762 4053 abs
1787 4019 1842 4052 re
1869 4003 2073 4064 Hanno,
2109 4003 2194 4051 cui
2226 4000 2480 4064 ejusmodi
2517 4001 2736 4065 imperia

528 4069 710 4131 viginti
737 4086 898 4122 annos
923 4085 1102 4125 natum
1142 4078 1320 4140 fnisse,
1343 4094 1456 4128 cuin
1483 4079 1586 4143 pri·
1670 4095 1854 4130 vocare
1880 4080 1944 4129 ad
1966 4079 2206 4128 invidiam
2234 4079 2432 4128 animus
2453 4086 2592 4140 erat,
2617 4091 2735 4139 reg·

524 4158 663 4194 mum
684 4146 736 4195 in
759 4163 869 4198 eam
898 4153 1160 4214 regionem
1185 4157 1345 4206 venit.
1670 4157 1725 4205 ni
1747 4167 1795 4205 et
1823 4157 1959 4218 regis
1982 4155 2271 4205 nominibus
2288 4154 2548 4206 abutatur.

589 4232 617 4266 Ρ
653 4226 813 4290 Regni
837 4234 1025 4292 ρεισκέ
1058 4234 1262 4294 speciem
1288 4232 1471 4298 videat]
1504 4234 1587 4284 An
1734 4242 1758 4278 *ἃ
1793 4236 1855 4285 In
1881 4233 2188 4298 Hispaniam]
2213 4235 2458 4284 Extrema
2476 4230 2736 4282 Occiden-

521 4301 683 4367 igitur
715 4319 806 4355 rex
832 4307 1127 4361 Hamilcar?
1160 4311 1313 4361 immo
1344 4313 1446 4362 dux
1476 4320 1588 4363 tan-
1672 4322 1777 4366 tem
1821 4326 2000 4364 versus
2035 4312 2256 4377 Europa
2297 4308 2442 4374 regio
2482 4306 2738 4371 Hispania
