3025 4892
521 345 695 418 15⁰6

1457 357 1544 414 '‘1'.
1594 361 1781 413 mvn

845 530 1053 591 sesque
1073 509 1272 570 multis
1291 508 1507 591 praeliis
1521 508 1731 581 victos,
1750 506 2433 589 desciscentibuspassim
2454 505 2745 589 Libybus,

846 611 904 670 in
921 609 1244 669 maximnm
1261 606 1586 688 periculum
1601 615 1938 687 metumque
1953 608 2211 686 conjecit
2232 624 2248 666 :
2276 605 2515 667 domum
2528 605 2747 666 deinde

693 740 822 774 xxv.
846 727 1126 779 reversus,
1159 706 1368 767 Sicilia
1405 715 1535 767 tota
1570 705 1824 787 expulit,
1859 704 2050 766 donec
2089 723 2245 765 mors
2284 704 2457 783 regis,
2483 713 2546 764 et
2568 721 2645 764 ex
2670 723 2745 765 ea

846 806 1053 876 turbae,
1082 823 1244 885 spem
1271 803 1477 863 iterum
1506 803 1990 894 occasionemque
2019 801 2348 882 repetenda:
2374 800 2746 883 possessionis

847 909 1212 983 aperuerunt.
1299 898 1560 972 Exinde,
1588 908 1655 960 ut
1687 898 1967 971 diximus,
2001 900 2169 960 vario
2197 898 2395 958 Marte
2420 913 2553 958 cum
2580 896 2742 979 Pyr·

674 1023 765 1056 xm
807 1044 820 1059 .
846 998 952 1057 rho
978 997 1295 1071 bellavere,
1325 996 1404 1058 ad
1430 1007 1760 1064 extremum
1785 996 2125 1079 superiores.
2212 994 2458 1056 Interim
2476 996 2656 1056 etiam
2682 994 2743 1053 in

549 724 661 775 Just

517 795 569 844 2.

538 1005 668 1056 Just.
770 1023 804 1055 v

519 1076 568 1121 5.

513 1299 728 1365 Curtius,
744 1316 825 1353 ιν.

514 1370 821 1481 ⁴justxmv.

514 1499 818 1625 gobbano.

511 1874 681 1941 Polyb.
707 1891 742 1927 ι.
766 1881 814 1928 8.

529 3529 701 3595 Polyb.
723 3543 805 3596 ap.

507 3594 677 3648 Vales-
704 3595 739 3646 l.

505 3674 603 3710 VH·

847 1093 1146 1176 Hispania
1168 1096 1439 1156 civitates
1477 1092 1751 1177 quaedam
1787 1090 2178 1175 stipendiariae
2208 1092 2404 1163 factae,
2447 1110 2581 1152 cum
2611 1089 2742 1152 Ga-

844 1190 1057 1252 ditanis
1081 1211 1253 1274 opem
1283 1191 1560 1254 adversus
1579 1191 1813 1254 accolas
1846 1191 2199 1272 petentibus,
2236 1197 2489 1269 cognato
2520 1186 2742 1270 populo

845 1290 1009 1366 (nam
1036 1298 1098 1349 et
1140 1287 1345 1350 Gades
1385 1288 1555 1371 Tyrii
1595 1287 2003 1368 condiderant)
2050 1288 2337 1349 auxilium
2381 1285 2742 1364 Cartbagine

843 1386 1100 1457 missum,
1142 1385 1365 1447 vicinas
1406 1386 1635 1468 aliquot
1677 1385 1992 1467 Hispania:
2033 1386 2297 1465 regiones
2335 1381 2555 1445 Punici
2589 1381 2741 1460 juris

842 1481 1003 1544 fecit.
1088 1481 1154 1543 Is
1178 1482 1357 1544 ferme
1385 1483 1761 1562 Carthaginis
1795 1491 1982 1543 status
2004 1491 2151 1553 erat,
2180 1502 2302 1561 quo
2325 1489 2587 1561 tempore
2612 1477 2740 1540 bel-

840 1577 963 1639 lum
988 1577 1265 1641 adversus
1290 1578 1601 1641 Romanos
1625 1599 1899 1641 sumsere.

918 1681 1019 1737 1⁰.
1063 1676 1328 1739 Siciliam
1353 1695 1513 1750 vero,
1537 1697 1657 1758 qua
1682 1677 1936 1739 Punica:
1949 1673 2155 1735 ditioni
2170 1673 2439 1753 subjecta
2457 1679 2738 1744 nouerat,

838 1774 1045 1854 majori
1070 1793 1148 1835 ex
1174 1784 1339 1857 parte
1365 1774 1747 1857 Syracusani,
1769 1782 1836 1834 et
1874 1793 1981 1835 rex
2009 1789 2211 1833 eorum
2257 1770 2453 1863 Hiero
2478 1767 2738 1851 posside·

837 1870 971 1931 bat:
1013 1870 1242 1951 reliqua
1269 1870 1759 1933 Mamertinorum
1794 1871 1971 1932 armis
2010 1869 2379 1932 tenebantur.
2466 1865 2523 1925 li
2547 1864 2737 1930 donec

839 1964 1243 2028 Romanorum
1277 1969 1379 2049 qui
1408 1967 1711 2047 Rhegium
1750 1974 2186 2049 occupaverant
2213 1966 2494 2026 societate
2520 1963 2609 2023 uti
2632 1982 2737 2043 po-

835 2071 1018 2135 tuere,
1045 2082 1153 2125 sua
1170 2063 1499 2125 defendisse
1525 2084 1641 2125 non
1669 2066 1953 2136 contenti,
1977 2053 2158 2125 etiam
2185 2062 2453 2124 Punicos
2477 2059 2736 2141 Syracu-

831 2178 1118 2240 sanusque
1144 2159 1291 2221 fines
1317 2161 1732 2222 incursabant:
1772 2160 2027 2242 denique
2041 2159 2261 2242 oppida
2280 2158 2502 2220 Sicilia:
2524 2156 2736 2230 muita,

833 2276 952 2336 quo
975 2259 1362 2318 vastationem
1388 2275 1657 2338 agrorum
1689 2265 1751 2318 et
1792 2257 1915 2319 alia
1955 2255 2329 2319 incommoda
2361 2254 2734 2326 redimerent,

831 2353 1085 2434 vectigal
1111 2355 1363 2436 pendere
1388 2361 1741 2433 coegerunt:
1784 2354 1887 2415 sed
1908 2363 2250 2437 expugnata
2265 2352 2407 2413 urbe
2428 2350 2732 2431 Rhegiua,

832 2450 1342 2534 defecwribusqu‘e
1366 2451 1659 2534 supplicio
1685 2449 1936 2522 affectis,
1965 2451 2169 2511 nudati
2185 2450 2298 2511 hoc
2312 2447 2577 2509 subsidio
2594 2447 2733 2508 Ma·

834 2550 1065 2609 mertini
1103 2549 1321 2630 priores
1362 2565 1506 2630 opes
1547 2549 1696 2610 tueri
1736 2549 2163 2629 nequiverunt:
2206 2555 2269 2606 et
2298 2545 2523 2606 amissis
2550 2543 2734 2605 ferme

833 2663 968 2725 quze
991 2645 1525 2706 extra'Messanam
1552 2653 1881 2717 tenuerant,
1899 2644 1975 2705 de
1998 2644 2144 2704 urbe
2168 2643 2445 2726 ipsacum
2464 2641 2734 2702 Hierone

834 2740 1207 2822 Syracusano
1232 2741 1617 2804 dimicabwt.
1680 2742 1779 2802 De
1805 2761 1924 2823 quo
1949 2761 2106 2820 rege,
2134 2740 2411 2821 quoniam
2435 2739 2558 2820 ipse
2583 2757 2732 2829 quof-

830 2857 947 2916 que
986 2839 1345 2919 temporibus
1386 2838 1593 2899 iisdem
1640 2838 1822 2898 hostis
1862 2837 2066 2919 populi
2118 2837 2403 2909 Romani,
2445 2855 2583 2896 mox
2628 2853 2733 2915 per

828 2951 1009 2992 annos
1035 2953 1174 2994 sane
1201 2934 1418 2995 multos
1441 2936 1637 2997 socius
1677 2944 1739 2994 et
1775 2936 1999 2995 amicus
2027 2933 2416 3012 fidelisimi&
2442 2940 2506 2993 et
2528 2933 2733 3011 ingens

828 3028 906 3089 ad
933 3049 1026 3088 res
1046 3030 1482 3092 constituendas
1523 3038 1878 3091 momentum
1918 3029 2054 3103 fnit,
2087 3030 2267 3113 paulo
2306 3031 2598 3112 copiosius
2622 3051 2729 3094 ex·

829 3126 1161 3208 ponendum
1207 3138 1391 3210 puto:
1452 3148 1590 3189 nam
1630 3137 1694 3188 et
1734 3127 1794 3188 in
1835 3149 1911 3189 eo
1944 3148 2077 3189 rara
2114 3127 2389 3200 felicitas,
2425 3135 2489 3189 et
2513 3149 2730 3210 magna

829 3224 1034 3296 virtus,
1075 3233 1138 3284 et
1180 3224 1503 3306 prudentiae
1551 3226 1640 3287 vis
1684 3224 1904 3286 eximia
1942 3224 2089 3287 fuit:
2147 3243 2336 3306 eaque
2379 3234 2729 3308 tempestate

831 3318 1330 3401 Syracusanorum
1368 3343 1510 3405 opes
1534 3331 1595 3383 et
1618 3320 1938 3383 floruerunt
1958 3342 2094 3384 cum
2123 3319 2413 3395 Hierone,
2444 3333 2509 3384 et
2529 3325 2726 3387 conci·

829 3416 1060 3480 derunt.

910 3523 1009 3579 11.
1051 3515 1182 3578 Hic
1223 3516 1399 3596 igitur
1439 3515 1603 3576 nullo
1645 3534 1836 3598 neque
1859 3515 2215 3588 divitiarum,
2244 3535 2434 3598 neque
2461 3515 2664 3597 gloria:
2689 3533 2727 3577 a

831 3613 1151 3693 majoribus
1174 3612 1415 3684 relictae,
1446 3633 1637 3694 neque
1663 3613 1783 3675 alio
1806 3614 2009 3695 aliquo
2033 3614 2141 3675 tali
2168 3613 2436 3697 praesidio
2462 3613 2723 3693 adjutus,

828 3729 1061 3772 omnem
1086 3709 1380 3771 fortunam
1411 3729 1577 3770 suam
1618 3711 1727 3771 sibi
1755 3710 1996 3773 debuit:
2037 3731 2177 3786 non,
2212 3721 2278 3773 ut
2318 3711 2608 3793 plerique,
2645 3710 2722 3773 ad

829 3828 1101 3887 magnam
1120 3808 1437 3889 potentiam
1457 3827 1533 3867 ex
1552 3808 1714 3868 tenni
1734 3808 1866 3871 loco
1880 3810 2379 3871 criminationibus
2389 3809 2721 3884 meliorum,

827 3914 933 3965 aut
953 3925 1097 3966 nece
1125 3904 1340 3984 fugave
1384 3903 1814 3966 adversantium
1855 3916 2184 3988 provectus,
2219 3906 2323 3967 sed
2347 3906 2639 3969 modestia
2660 3915 2724 3969 et

825 4002 884 4060 in
910 3999 1186 4082 parandis
1206 4001 1437 4084 opibus,
1464 4000 1609 4062 etin
1650 4002 1956 4076 habendis,
1991 4003 2305 4082 singulari:
2346 4013 2504 4064 recte
2530 4006 2720 4086 conji-

825 4099 1004 4170 ciens,
1042 4098 1267 4158 nullum
1291 4119 1416 4159 esse
1455 4117 1693 4178 regnum
1719 4099 2005 4172 stabilius,
2035 4117 2213 4180 quam
2240 4100 2400 4181 qnod
2428 4101 2513 4161 ita
2546 4121 2715 4165 exer·-

825 4205 1011 4268 cetur,
1055 4205 1122 4256 ut
1154 4198 1341 4276 magis
1384 4197 1497 4257 boc
1537 4196 1779 4257 timeant
1819 4199 2084 4260 amittere
2125 4199 2338 4280 quibus
2374 4199 2713 4281 imperatur,
