3025 4892
868 395 1082 446 mant
1131 379 2536 452 x1x·surr1.nusu‘ruu.1615

314 537 796 618 igaesinsiliens,
825 538 1318 612 nullasuieura,
1343 539 1484 601 dum
1524 538 2206 602 divinaeressalvaees-
2265 547 2369 599 Liv.
2401 550 2494 616 Ep.

310 644 465 707 sent,
491 634 724 697 deserta
749 656 788 697 a
809 636 1134 715 virginibus
1157 656 1324 699 sacra
1347 657 1425 697 ex
1461 637 1734 700 incendio
1766 638 1980 718 rapuit.
2063 635 2204 718 Ipse
2227 616 2534 744 1³:5²:ssqu-

310 732 555 794 brachio
592 733 1046 805 semiustulatus,
1078 742 1140 794 et
1178 743 1388 795 exusta
1425 732 1676 796 flammis
1713 733 2014 796 oculorum
2054 735 2205 808 acie,
2231 745 2308 793 Au
2282 760 2360 809 υς
2390 753 2442 795 et
2463 698 2535 795 o1¹
2521 715 2536 731 ⁰

310 839 526 909 praeter
571 830 844 892 solatium
888 829 1033 891 faeti
1070 831 1185 904 sui,
1228 831 1531 913 praemium
1577 852 1618 893 a
1658 831 1880 913 populo
1927 831 2207 893 Romano
2227 811 2494 861 ''mmm’'
2462 826 2536 864 '¹⁶

308 926 766 1009 pulcherrimum
803 929 1056 1009 accepit,
1097 937 1164 990 ιιι
1199 929 1430 1009 quoties
1466 930 1528 989 in
1568 938 1836 990 senatum
1876 929 2009 1002 iret,
2033 950 2206 992 curru
2230 880 2312 928 ω

310 1024 619 1086 veheretur
662 1024 743 1086 ad
789 1027 1053 1090 curiam:
1105 1025 1267 1107 quod
1319 1027 1399 1087 ab
1447 1026 1689 1092 condita
1732 1027 1874 1090 urbe
1927 1026 2207 1090 tributum

312 1121 535 1183 nemini
560 1121 769 1184 fuerat.

390 1225 494 1282 65.
535 1218 777 1282 Interea
816 1218 902 1287 Q.
930 1218 1199 1284 Lutatius
1234 1219 1435 1284 euml
1476 1239 1613 1281 eum
1652 1219 1832 1281 fratre
1876 1219 2095 1281 Catulo
2146 1215 2209 1282 et

310 1316 397 1384 Q.
424 1315 674 1378 Valerio
714 1326 1088 1398 propraetore,
1115 1319 1289 1378 rebus
1326 1319 1386 1378 in
1428 1316 1636 1379 Sicilia
1659 1317 2008 1389 constitutis,
2037 1337 2207 1379 exer·

306 1414 549 1494 citaque
586 1414 920 1496 deportato,
949 1414 1027 1474 ad
1068 1415 1273 1484 urbem
1307 1413 1631 1475 redierant:
1673 1413 2055 1495 decretusque
2093 1413 2206 1475 sibi

306 1511 633 1593 niumphos
667 1512 910 1574 navales
942 1511 1020 1573 O.
1046 1511 1317 1574 Lutatius
1349 1510 1604 1576 Catulus
1627 1510 1715 1572 A.
1745 1510 1829 1572 D.
1862 1526 1957 1573 tv.
1993 1510 2208 1572 Nonas
2229 1519 2527 1588 tatic-pit.

308 1606 627 1682 Octobres,
655 1609 740 1677 Q.
764 1608 1043 1672 Valerius
1067 1609 1155 1671 A.
1187 1609 1271 1671 D.
1297 1608 1484 1691 pridie
1521 1608 1758 1670 easdem
1787 1606 2025 1681 Nonas,
2050 1607 2205 1670 dux·

304 1717 494 1767 erant.
599 1706 989 1767 Memorabile
1035 1715 1332 1767 certamen
1376 1706 1531 1767 inter
1575 1705 1755 1766 duces
1802 1706 1943 1768 istos
1984 1704 2063 1768 de
2101 1705 2205 1768 tri·

306 1803 529 1883 ampho
581 1802 665 1871 Q·
720 1802 952 1866 Valerii
1004 1802 1137 1868 fuit.
1229 1802 1385 1864 Cum
1429 1804 1587 1864 enim
1638 1802 1713 1863 C.
1762 1802 1999 1866 Lutatio
2045 1800 2206 1864 haud
2262 1805 2375 1857 vd.
2387 1805 2531 1857 Max·

296 1900 484 1962 dubie
514 1900 784 1966 decretus
810 1901 1138 1982 triumphus
1170 1909 1343 1972 esset,
1387 1901 1470 1969 Q.
1513 1899 1817 1972 Valerius,
1859 1898 2019 1962 haud
2059 1898 2205 1962 levi-
2230 1885 2293 1925 ¹⁰¹
2313 1872 2363 1921 θ’
2385 1875 2436 1922 ²

295 2018 464 2060 orem
491 1999 553 2062 in
577 2018 651 2060 eo
674 1999 909 2078 negotio
930 2018 1097 2064 suam
1121 2017 1362 2079 operam
1380 1996 1559 2058 fiiisse
1582 1995 1960 2069 contendens,
1987 1991 2205 2059 bonore

300 2115 540 2178 qnoque
580 2096 710 2177 pari
746 2096 949 2162 haberi
990 2094 1348 2177 postulabat,
1385 2093 1881 2176 quemadmodum
1916 2095 2205 2156 societate

292 2192 550 2273 perieuli
584 2213 857 2275 eumque
896 2193 1117 2256 fuisset.
1200 2192 1528 2272 Pugnabat
1564 2199 1771 2256 consta
1812 2190 2088 2262 Catulus,
2129 2210 2202 2251 ne

300 2290 488 2352 minor
527 2298 784 2371 puteum
817 2290 1029 2372 majori
1061 2290 1125 2352 ln
1162 2288 1486 2354 tribuendis
1509 2289 1824 2354 honoribus
1851 2296 2203 2368 aequaretur.

294 2385 459 2448 Cum
495 2387 832 2450 incaluisset
863 2396 1181 2459 esttamen,
1211 2387 1521 2468 sponsione
1549 2384 1833 2445 Catulum
1859 2384 2206 2465 provocavit

300 2482 385 2551 Q.
414 2482 722 2556 Valerius,
749 2494 768 2522 ‘
787 2486 848 2546 ni
871 2506 980 2550 suo
1002 2485 1185 2550 ductu
1211 2484 1452 2545 Punica
1475 2482 1681 2547 classis
1697 2500 1976 2562 oppressa
1993 2482 2205 2544 essetz’

290 2599 409 2644 nec
428 2580 534 2642 ille
551 2581 845 2646 dubitavit
870 2581 1221 2664 restipulari.
1307 2579 1594 2644 Deleetus
1619 2569 1711 2639 es't
1733 2578 1951 2642 arbiter
1975 2576 2208 2640 Atilius

300 2674 646 2741 Calatinus.
631 2699 648 2715 ·
693 2679 819 2761 qui,
854 2680 1212 2758 interrogato
1245 2676 1521 2747 Valerio,
1551 2685 1569 2713 ‘
1594 2685 1789 2740 utrum
1824 2675 1885 2736 in
1908 2674 2208 2738 consulta-

295 2774 455 2835 tione
496 2773 574 2836 de
616 2796 814 2857 pugna
843 2776 1119 2849 ineunda,
1138 2776 1190 2837 si
1214 2774 1637 2844 disoensissent,
1664 2772 1924 2837 consulis
1947 2792 2024 2834 an
2053 2791 2202 2852 pne-

291 2871 439 2934 turis
476 2875 669 2953 major
708 2872 905 2936 fumi-a
942 2872 1150 2936 fuisset
1182 2872 1535 2940 auctoritas:
1579 2870 1861 2950 itemque,
1897 2869 1946 2932 si
1971 2867 2205 2932 diversa
2258 2869 2326 2923 A.
2368 2870 2502 2928 Gen.

290 2966 638 3034 habuissent
675 2971 961 3053 auspicia,
986 2979 1121 3034 utra
1159 2971 1358 3053 potius
1396 2966 1698 3050 sequenda
1720 2966 2028 3036 fuissentz’
2063 2985 2202 3030 eum
2226 2941 2492 3053 vfffl'fiss,

296 3067 657 3148 ‘nn-obique
697 3089 891 3149 medus
928 3067 1205 3140 considis,
1242 3085 1422 3148 quam
1464 3063 1735 3146 praetoris
1766 3064 1874 3143 jus
1915 3060 2204 3130 fumum’

296 3160 380 3228 Q
410 3161 693 3225 Valerius
727 3165 1136 3247 respondisset,
1164 3184 1278 3225 non
1314 3171 1632 3244 expectato
1675 3159 1879 3221 Catuli
1914 3179 2201 3231 sermone,

293 3255 461 3320 litem
496 3261 815 3322 seeundum
860 3262 1028 3323 illum
1062 3259 1265 3322 dedit:
1307 3258 1468 3340 quod
1493 3257 1888 3320 controversia
1913 3255 1990 3316 de
2016 3256 2199 3337 impe-

293 3355 381 3415 rio
424 3365 490 3416 et
532 3358 795 3439 auspicio
838 3358 988 3419 inter
1017 3378 1119 3419 eos
1142 3357 1319 3418 fuisse
1342 3354 1656 3417 videretur.
1740 3352 1862 3415 Sed
1891 3352 1976 3420 Q.
2005 3350 2200 3412 Vale-

293 3452 431 3523 rius,
461 3473 799 3535 quanquam
827 3455 1029 3515 arbitri
1052 3454 1344 3515 sententia
1366 3453 1581 3523 victus,
1609 3470 1745 3511 cum
1771 3459 1911 3510 nota
1943 3457 2006 3509 et
2042 3445 2200 3508 eele-

293 3548 412 3610 bris
445 3569 521 3610 eo
560 3550 722 3613 bello
757 3553 943 3613 virtus
965 3554 1095 3631 ejus
1119 3550 1345 3621 suisset,
1372 3547 1555 3609 nihilo
1585 3547 1776 3608 secius
1798 3543 2200 3625 triumphandi

280 3648 387 3726 Jus
425 3646 700 3709 obtinuit.
783 3647 1075 3709 Censores
1114 3668 1187 3708 eo
1222 3666 1380 3706 anno
1421 3644 1498 3706 C.
1532 3643 1815 3705 Aurelius
1856 3642 2063 3713 Cotta,
2101 3641 2197 3701 Μ.
2221 3644 2413 3760 ”Pfighii
2423 3644 2522 3695 An-

296 3741 517 3804 Fabius
546 3744 745 3806 Buteo
769 3744 1014 3806 lustrum
1040 3742 1706 3824 undequadragesimum
1725 3739 1936 3799 fecere.
2000 3727 2282 3797 Consum
2251 3776 2430 3826 Mb

294 3850 427 3902 suut
470 3842 688 3901 civium
728 3840 921 3902 millia
970 3839 1228 3902 ducenta
1274 3839 1620 3918 sexaginta·
1672 3834 1905 3896 duabus
1948 3833 2198 3914 adjectis
2222 3855 2521 3890 soccum

296 3937 581 4009 tribubus,
607 3937 837 3999 Velina
871 3946 935 3998 et
972 3937 1248 4008 Quirina,
1275 3955 1548 3996 numerus
1582 3933 1842 4015 quinque
1867 3939 1929 3991 et
1956 3930 2278 4020 triginta„
2251 3906 2358 4021 Lai:
2388 3905 2485 3971 Epi
2466 3913 2522 3954 ¹¹

298 4032 571 4105 tribuum,
598 4054 777 4115 quem
801 4033 1015 4095 deinde
1041 4034 1424 4105 retinuerunt,
1450 4030 1725 4113 expletus
1749 4037 1858 4089 est.

372 4136 471 4191 66.
516 4129 679 4192 Cum
702 4132 835 4210 jam
866 4129 1194 4213 perdomita
1219 4128 1452 4201 Sicilia,
1475 4148 1600 4209 qua
1623 4128 1946 4188 Poenorum
1979 4124 2194 4196 fuerat,

297 4234 357 4285 et
394 4247 543 4310 paee
583 4247 723 4289 cum
742 4226 1348 4324 ‘Carthaginiensibus
1386 4226 1572 4301 facta,
1615 4243 1733 4288 non
1781 4223 1982 4304 quieta
2020 4220 2196 4283 modo
