3025 4892
460 351 634 420 1:552

1413 372 1483 429 Τ.
1535 375 1723 429 lell

788 519 1214 605 quadripartito
1238 530 1300 583 et
1322 521 1432 604 ipsi
1466 523 1803 584 diviserant.
1891 520 2131 583 Harum
2160 543 2295 603 quae
2327 523 2510 584 totius
2537 524 2693 585 aciei

787 621 1020 681 sinistra
1043 629 1214 693 erat‚⁸
1238 621 1296 680 in
1319 619 1566 701 figuram
1592 642 1764 681 arcus
1787 622 2040 692 sinuata,
2064 631 2277 681 terram
2296 642 2493 682 versus
2518 622 2690 682 incli-

787 718 1011 779 nabat:
1054 727 1265 779 ceterae
1312 718 1675 799 simplicibus
1698 719 2001 780 ordinibus
2039 727 2321 789 extentae,
2361 719 2545 800 proris
2581 738 2690 779 na-

788 815 947 876 vium
984 818 1043 876 in
1082 816 1311 876 hostem
1336 815 1539 877 versis.
1629 817 1724 877 Ex
1769 817 1864 876 his
1904 815 2176 877 dextrum
2220 837 2426 888 cornu,
2474 818 2534 876 in
2569 837 2693 896 quo

787 923 1164 975 rostratarum
1212 924 1275 974 et
1318 913 1825 995 quinqueremium
1867 914 2187 975 celerrimae
2227 923 2416 987 erant,
2460 913 2694 973 Hanno

783 1031 982 1072 versus
1007 1012 1194 1072 altum
1229 1031 1389 1071 mare
1424 1021 1710 1092 quantum
1738 1021 1970 1094 poterat
2004 1012 2369 1092 exportarit,
2407 1013 2458 1071 si
2491 1031 2693 1092 pugna

796 1108 1035 1169 aliunde
1060 1110 1373 1172 commissa
1396 1118 1569 1181 esset,
1597 1109 2061 1170 circumdaturus
2084 1111 2330 1170 hostem.

861 1214 924 1269 6.
970 1205 1192 1288 Neque
1244 1205 1348 1267 diu
1401 1208 1612 1267 morati
1658 1207 1926 1268 consules
1980 1208 2037 1267 in
2087 1207 2314 1268 medias
2360 1206 2689 1266 Poenorum

785 1323 965 1367 naves
989 1325 1125 1365 cum
1154 1306 1384 1366 duabus
1408 1305 1695 1365 classibus
1719 1307 1837 1366 suis
1861 1326 1923 1365 se
1952 1304 2295 1366 intulerunt.
2340 1303 2689 1376 Hamilcar,

785 1424 903 1485 quo
928 1401 1337 1463 Romanorum
1377 1404 1567 1463 aciem
1604 1403 1975 1474 distraheret,
2022 1404 2142 1462 suis
2191 1411 2577 1485 praeceperat,
2623 1413 2690 1462 ut

783 1500 1094 1561 commissa
1129 1519 1327 1581 pugna
1366 1499 1569 1579 fugam
1603 1500 1883 1561 continuo
1917 1508 2324 1582 capesserent:
2366 1499 2528 1579 quod
2553 1520 2691 1560 cum

785 1596 1010 1658 factum
1033 1606 1208 1668 esset,
1248 1595 1628 1677 Romanique
1659 1597 1936 1658 cedentes
1971 1598 2146 1658 avide
2187 1607 2690 1678 persequerentur,

786 1693 905 1755 illis
928 1694 1166 1776 quidem
1191 1695 1270 1755 ob
1295 1694 1658 1756 celeritatem
1694 1696 1932 1757 navium
1972 1695 2216 1756 innoxia
2256 1694 2399 1774 fuga
2434 1693 2583 1754 fuit:
2628 1706 2694 1755 at

787 1790 1197 1853 Romanorum
1225 1794 1403 1866 acies,
1447 1795 1534 1854 uti
1560 1793 1829 1854 voluerat
1857 1791 2176 1854 Hamilcar
2201 1792 2690 1874 praevideratque,

789 1887 1022 1951 divulsa
1045 1900 1157 1962 est,
1183 1891 1398 1952 triariis
1412 1900 1476 1952 et
1499 1892 1676 1952 tertia
1699 1889 1887 1952 classe
1912 1911 2019 1951 suo
2036 1890 2230 1951 adhuc
2248 1889 2381 1951 loco
2396 1910 2459 1951 se
2488 1899 2692 1950 tenen·

789 1986 970 2049 tibus.
1058 1988 1241 2056 Quod
1270 1990 1371 2050 ubi
1401 1989 1723 2071 perfectum
1758 2009 1883 2049 esse
1920 1987 2096 2061 vidit,
2132 1988 2327 2049 subito
2363 1987 2472 2048 dat
2494 2008 2529 2048 e
2555 1989 2696 2049 navi

793 2105 903 2145 sua
926 2086 1179 2165 signum,
1208 2096 1275 2148 ut
1315 2088 1608 2148 conversis
1651 2086 1836 2169 proris
1875 2105 2131 2168 pugnam
2159 2106 2295 2146 cum
2336 2085 2696 2166 insequenti·

791 2185 902 2245 bus
927 2187 1147 2249 ineant.
1234 2187 1515 2250 Certatur
1557 2188 1833 2267 ambiguo
1867 2185 2088 2258 Marte,
2132 2186 2341 2247 Poenis
2377 2184 2694 2247 velocitate

788 2292 851 2342 et
873 2283 1086 2364 peritia
1114 2285 1365 2345 nauticae
1393 2285 1500 2357 rei,
1542 2285 1838 2346 Romanis
1874 2285 2079 2345 robore
2115 2282 2365 2344 militum
2391 2281 2566 2362 longe
2595 2304 2697 2344 su-

791 2382 1132 2461 perioribus.
1219 2381 1437 2463 Itaque
1479 2382 1759 2463 quamdiu
1791 2383 2027 2443 navium
2070 2382 2266 2462 potius
2297 2400 2476 2461 quam
2502 2381 2694 2441 homi·

791 2498 930 2538 num
965 2499 1163 2560 pugna
1200 2501 1326 2541 esse
1370 2482 1586 2562 potuit,
1631 2480 1873 2541 Punica
1916 2501 2008 2539 res
2043 2479 2204 2539 haud
2245 2478 2425 2539 dubie
2467 2469 2701 2539 meliori

790 2575 926 2636 loco
953 2586 1118 2637 erat:
1162 2578 1266 2637 sed
1301 2579 1534 2659 quoties
1561 2598 1868 2638 corvorum
1898 2580 2070 2656 jactu
2112 2576 2405 2653 colligatis
2444 2577 2697 2637 navibus

789 2669 1056 2735 cominus
1080 2678 1329 2756 pugnari
1354 2685 1634 2757 coeperat‚
1662 2696 1841 2757 penes
1867 2675 2207 2736 Romanum
2235 2684 2363 2734 erat
2384 2683 2545 2735 certa
2571 2675 2695 2735 vic·

791 2772 982 2841 toria;
1029 2793 1164 2832 cum
1191 2773 1361 2833 miles
1386 2794 1563 2834 manu
1597 2772 1808 2845 fidene,
1846 2783 1908 2833 et
1943 2775 2002 2833 in
2036 2780 2350 2854 conspectu
2389 2771 2694 2833 consulum

795 2886 1085 2947 pugnans,
1122 2870 1480 2950 insignitiore
1512 2891 1695 2953 opera
1728 2872 2002 2932 virtutem
2043 2891 2208 2931 suam
2251 2870 2341 2930 his
2370 2869 2697 2952 approbare

794 2966 1198 3028 contenderet.

872 3067 932 3124 7.
981 3062 1144 3123 Dum
1172 3064 1232 3124 in
1259 3084 1333 3124 ea
1357 3075 1530 3146 parte
1575 3065 1659 3125 sic
1684 3065 2018 3139 dimicatur,
2051 3066 2279 3128 Hanno
2314 3087 2450 3127 cum
2482 3066 2697 3128 dextro

790 3178 996 3232 cornu,
1040 3161 1200 3241 quod
1241 3163 1526 3223 hactenus
1570 3164 1873 3224 immotum
1912 3165 2221 3234 habuerat,
2263 3166 2324 3224 in
2365 3165 2694 3224 triariorum

792 3276 975 3317 naves
1005 3260 1269 3321 invectus
1297 3281 1336 3321 a
1368 3261 1518 3321 mari
1562 3261 1706 3322 fecit
1752 3263 2054 3344 impetum,
2097 3281 2455 3342 magnasque
2486 3263 2547 3321 in
2590 3281 2694 3322 an-

787 3356 1011 3431 gustias
1036 3355 1294 3418 redactis
1317 3358 1630 3419 molestum
1647 3361 1886 3420 omnino
1915 3361 2211 3438 negotium
2237 3359 2531 3420 exhibuit.
2577 3357 2699 3420 Eo·

785 3449 921 3510 ‹lem
974 3452 1154 3514 ferme
1211 3463 1473 3537 tempore
1529 3457 1762 3517 sinistra
1824 3478 2059 3537 quoque
2115 3456 2693 3536 Carthaginiensium

786 3548 965 3620 acies,
988 3560 1216 3611 mutata
1239 3552 1428 3632 priore
1446 3553 1659 3626 forma,
1679 3563 1741 3614 et
1756 3564 1994 3634 aequata
2011 3555 2225 3626 fronte,
2247 3555 2445 3615 rostris
2469 3553 2696 3616 infestis

788 3647 1022 3707 tertiam
1051 3647 1461 3710 Romanorum
1485 3651 1755 3722 classem,
1774 3672 1910 3733 quae
1925 3653 2273 3734 hippagines
2286 3652 2547 3714 remulco
2574 3663 2693 3715 tra·

790 3742 993 3817 hebet,
1024 3746 1269 3809 invadit.
1356 3746 1623 3808 Romani
1647 3748 1900 3810 dimissis
1924 3749 2165 3810 funibus
2194 3751 2272 3812 ad
2310 3751 2694 3812 resistendum

783 3861 845 3901 se
890 3853 1118 3923 parant.
1205 3843 1334 3906 Hic
1378 3866 1613 3926 quoque
1656 3845 1881 3909 sortiter
1924 3847 2276 3929 confligitur.
2363 3848 2467 3909 Ita
2506 3849 2694 3909 tribus

847 4064 871 4090 ⁸
909 4057 1248 4124 Horamque
1262 4062 1544 4113 totiacus-ici
1562 4063 1702 4113 ninia·
1772 4064 2156 4114 Freinshemius
2230 4061 2523 4125 scripsisset
2587 4076 2689 4112 non

783 4126 863 4173 tra
897 4121 1027 4185 emt]
1077 4125 1298 4183 Harum.
1334 4142 1438 4177 non
1473 4130 1699 4186 navium,
1771 4130 2142 4195 quadripartito,
2165 4130 2254 4180 sed
2287 4130 2338 4179 in
2359 4133 2688 4192 quduorpur·

782 4186 872 4236 red
906 4190 1130 4266 partium
1160 4192 1311 4241 aciei.
1379 4192 1568 4258 Itaque
1592 4197 1699 4244 vel·
1770 4200 1858 4246 teu.
1923 4196 2075 4245 Tunc
2111 4196 2246 4246 enirn
2273 4194 2415 4247 nulla
2436 4201 2578 4244 esset
2597 4194 2692 4246 oh·

784 4253 944 4304 lenius
987 4269 1038 4304 m
1094 4257 1416 4320 precedenti
1464 4260 1697 4311 membro
1770 4263 2010 4313 scuritas.
2048 4263 2186 4312 Cret.
