3025 4892
2373 357 2548 426 lm?

340 520 589 588 bellum
637 519 991 601 gessimus,
1021 520 1204 586 nullo
1245 524 1519 584 externo
1563 517 1778 602 adjuti
1810 536 1938 583 nec
1979 517 2170 595 duce.
2199 537 2324 584 nec
2349 540 2544 586 exer·

338 624 520 690 citu:
571 623 700 688 nisi
742 622 919 707 quod
967 642 1085 707 per
1114 622 1451 687 biennium
1482 620 1782 705 Pyrrhus
1827 628 2053 686 nostro
2079 623 2292 702 magis
2334 623 2546 688 milite

340 746 505 791 suas
547 729 741 802 auxit
792 728 992 804 turea,
1048 746 1250 810 qnam
1303 727 1445 789 suia
1493 725 1744 789 viribus
1797 744 1923 790 nos
1967 724 2290 790 defendit.
2382 725 2544 791 Non

338 850 474 910 ego
517 829 831 896 secundis
877 831 1079 894 rebus
1124 829 1372 893 nostris
1413 825 1823 909 gloriabor,¹⁸
1870 826 2039 892 duos
2084 827 2421 908 consules,
2462 848 2544 895 ae

330 933 513 998 duos
554 932 949 997 consulares
989 933 1328 998 exercitus
1360 951 1404 996 a
1430 931 1629 996 nebia
1659 932 1784 996 sub
1805 929 2042 1014 jugum
2070 932 2344 1010 missua,
2375 940 2442 996 et
2483 933 2544 1000 si

336 1055 479 1120 qna
501 1035 636 1100 alia
656 1043 776 1101 aut
798 1035 953 1103 laeta
983 1042 1104 1100 aut
1127 1035 1422 1116 gloriosa
1445 1034 1644 1099 nobis
1665 1039 2045 1098 evenerunt.
2106 1033 2280 1113 Quae
2306 1054 2545 1118 aspera

336 1138 754 1223 adversaque
813 1147 972 1203 tunc
1034 1138 1442 1214 acciderunt,
1495 1138 1747 1201 minore
1801 1135 2246 1217 indignatione
2308 1137 2544 1202 referre

336 1261 718 1325 possumne,
754 1261 960 1325 quam
1015 1259 1170 1325 quae
1218 1242 1416 1305 bodie
1468 1239 1808 1304 eveniunt.
1896 1237 2134 1319 Magni
2184 1240 2541 1304 dictatores

330 1363 492 1410 cum
541 1343 882 1427 magistris
931 1343 1260 1426 equitum,
1289 1342 1427 1406 bini
1478 1340 1794 1406 consules
1833 1359 1986 1404 cum
2028 1340 2205 1405 binis
2234 1343 2543 1406 consula-

335 1447 525 1512 ribus
568 1446 984 1512 exercitibus
1013 1444 1540 1526 ingrediebantur
1567 1443 1729 1508 fines
1758 1449 2069 1525 nostros;
2120 1452 2273 1510 ante
2304 1447 2539 1529 explo-

334 1556 509 1627 rate,
539 1556 605 1613 et
624 1548 948 1614 subsidiis
977 1548 1236 1632 positia,
1260 1556 1328 1613 et
1351 1549 1480 1613 sub
1501 1549 1709 1630 signia
1740 1547 1828 1613 ad
1859 1547 2319 1632 populandum
2340 1549 2543 1614 duce-

333 1653 525 1718 bant.
613 1651 684 1716 N
692 1672 815 1717 unc
860 1652 1116 1736 proprii
1136 1659 1188 1702 ¹⁹
1234 1652 1432 1716 unius
1476 1659 1546 1717 et
1583 1652 1776 1734 parvi
1808 1651 1894 1717 ad
1927 1652 2238 1717 tuendam
2289 1652 2537 1718 Nolam

328 1754 644 1839 praesidii
701 1752 941 1840 praeda
996 1773 1250 1818 sumus.
1367 1751 1524 1818 Jam
1579 1773 1665 1817 ne
1723 1754 2187 1838 manipulatim
2246 1754 2548 1839 quidem,-

332 1858 457 1924 sed
502 1859 840 1924 latronum
888 1856 1107 1933 modo,
1139 1864 1534 1940 percursant
1582 1857 1740 1922 totis
1770 1856 2018 1923 finibus
2050 1858 2301 1924 nostris
2333 1860 2540 1941 negli-

327 1963 627 2044 gentius,
658 1979 862 2044 quam
906 1962 965 2025 ai
1011 1962 1082 2026 in
1126 1959 1443 2025 Romano
1474 1965 1873 2041 vagarentur
1901 1980 2078 2043 agro.
2171 1960 2396 2028 Causa
2424 1982 2540 2028 au·

332 2070 464 2130 tem
514 2064 664 2129 haec
714 2071 843 2141 est,
875 2063 1052 2148 quod
1105 2082 1323 2147 neque
1374 2069 1440 2126 tu
1473 2062 1800 2138 defendi5‚
1834 2071 1906 2127 et
1940 2071 2168 2129 nostra
2188 2067 2535 2149 juventuS,

326 2187 510 2250 quae,
544 2168 602 2230 si
633 2167 814 2231 domi
836 2172 1039 2242 esset,
1068 2172 1401 2242 tutaretur,
1435 2165 1651 2228 omnis
1692 2165 1819 2229 sub
1853 2166 2067 2248 signis
2099 2167 2348 2233 militat
2379 2171 2538 2233 tuis.

336 2269 493 2334 Nec
544 2278 636 2348 te,
668 2290 790 2335 nec
838 2269 1208 2334 exercitum
1249 2274 1437 2332 tuum
1467 2267 1704 2347 norim,
1733 2269 1884 2348 nisi,
1917 2290 1955 2336 a
1984 2291 2122 2355 quo
2155 2278 2252 2337 tot
2283 2269 2537 2339 Roma·

1041 376 1186 425 ma.
1235 373 1479 424 xxm.
1526 375 1689 423 cae.
1733 355 1844 422 42.

1240 2448 1607 2470 OOOOO‘OOOON

326 2566 555 2616 novioin
581 2575 781 2617 textum
805 2575 1033 2631 recepta
1070 2566 1331 2629 elegantia
1368 2581 1521 2619 nemo
1559 2568 1860 2619 dubitabit-⁹
1893 2571 2128 2632 Βασίας.
2131 2574 2262 2620 -18
2299 2570 2438 2622 Olim
2462 2572 2530 2623 le-

327 2633 573 2710 gebatur,
600 2633 712 2681 Non
734 2648 847 2695 erg-o
869 2647 961 2682 sec.
984 2646 1028 2679 r.
1048 2647 1100 2682 a.
1120 2633 1510 2693 glorinbiraar.-
1529 2637 1641 2683 19ι
1660 2634 1870 2685 Antea
1860 2650 1910 2684 in
1950 2637 2083 2685 Edu.
2116 2651 2261 2701 prope
2297 2652 2391 2699 pro
2428 2653 2537 2701 pro·

320 2698 439 2764 prii,
475 2705 530 2749 et
553 2709 697 2748 recte
720 2698 911 2762 forsan,
934 2698 1225 2763 legebatur.
1291 2698 1537 2750 Ceterum
1568 2702 1871 2752 contemtirn
1908 2702 2023 2752 ltaec
2044 2702 2189 2754 dicta
2211 2704 2277 2753 de
2300 2706 2536 2755 exercitu

1330 2864 1546 2916 NOTAE

326 2976 475 3041 ganti
519 2976 821 3040 metaphora
846 2994 861 3030 ε
909 2983 965 3026 ut
1009 2977 1393 3029 Freinshemius

323 3054 627 3117 conjecerat
649 3067 714 3102 ex
741 3054 808 3106 Q.
834 3051 1015 3103 Curtio
1037 3053 1126 3104 lib.
1149 3067 1229 3104 ιν.
1271 3059 1285 3082 ⁸
1305 3054 1391 3103 ubl

1475 2994 1523 3030 c.
1558 2983 1640 3029 ⁸6.
1679 2980 1849 3031 verius
1887 2980 2221 3045 septuaginta
2262 2991 2536 3032 numerant

1474 3071 1653 3108 annos.
1722 3057 1962 3122 Coeptntn
1986 3059 2122 3107 enim
2156 3074 2185 3107 a
2217 3058 2461 3110 Romanis
2484 3062 2536 3110 in

326 3130 552 3195 primum
582 3129 832 3192 impetum
857 3126 1061 3187 effudit,
1092 3130 1233 3180 velut
1257 3145 1396 3196 quae·

324 3208 449 3258 dam
476 3206 736 3268 animalia,
759 3209 947 3257 amisso
975 3208 1178 3270 amieo,
1219 3217 1391 3274 terpe-

326 3287 427 3339 re.’

393 3372 431 3400 ¹¹¹
466 3364 564 3414 Per
581 3368 770 3413 centum
799 3377 942 3427 prope
974 3363 1147 3428 aanor]
1180 3364 1259 3414 Ex
1275 3363 1391 3430 jae·

324 3441 497 3491 tantia
521 3439 679 3503 magis
710 3454 862 3504 quam
890 3453 956 3487 ex
984 3454 1110 3489 vero
1133 3441 1392 3490 Samnites

324 3520 620 3584 gloriantur
664 3532 718 3567 sa
763 3532 879 3567 cum
926 3518 1168 3568 Romanis
1200 3519 1391 3570 bellum

324 3611 425 3661 per
446 3609 607 3646 annos
628 3594 790 3644 ferme
806 3602 1018 3645 centnm
1043 3597 1262 3660 gessisse
1277 3596 1392 3647 abs-

324 3688 431 3740 qne
451 3680 672 3723 externa
694 3686 827 3737 ope3
862 3673 1152 3736 quanquam
1171 3673 1391 3724 eundern

322 3765 598 3802 nnmerum
622 3751 787 3799 Varro
810 3749 989 3799 consul
1025 3748 1277 3814 proferat,
1305 3766 1387 3800 su-

325 3831 425 3894 pra
463 3841 511 3877 e.
545 3832 594 3877 5.
650 3827 850 3877 Contra
884 3827 1083 3891 Florus,
1118 3828 1387 3879 dimidiato

322 3913 622 3970 contentus,
646 3905 1018 3970 qninquaginta
1051 3908 1197 3957 annis
1228 3907 1387 3957 (lomi-

320 3993 408 4036 tos
444 3984 796 4049 subactusque
841 3986 1097 4036 Samnites
1136 3994 1388 4038 memorat

321 4061 414 4111 lib.
440 4073 479 4110 r.
502 4075 550 4110 c.
579 4065 657 4111 16.
692 4074 794 4110 uno
828 4061 996 4111 minus
1028 4062 1257 4125 produnt
1283 4063 1387 4112 Eu-

322 4147 463 4200 trep.
485 4144 541 4186 et
566 4137 719 4192 Oret.
775 4135 1047 4202 Appianus
1082 4138 1135 4187 in
1171 4153 1383 4203 prooem.

316 4215 444 4265 hist.
470 4214 753 4276 octoginta.
824 4213 1003 4279 Legat-i
1037 4215 1382 4266 Romanorum

322 4291 393 4344 ad
414 4292 621 4346 AEtolos
644 4290 783 4359 apud
816 4291 1068 4346 Nostrum
1092 4293 1181 4346 lib.
1206 4305 1385 4350 xxxv·

1475 3134 1736 3185 Samnites
1759 3135 1949 3186 bellurn
1985 3150 2079 3199 pro
2103 3137 2377 3201 Campanis
2401 3152 2536 3188 anno

1473 3213 1542 3263 U.
1577 3214 1639 3264 C·
1671 3217 1786 3264 ⁴10.
1820 3227 1951 3263 coss.
1982 3213 2059 3263 Μ.
2081 3213 2292 3265 Valerio
2325 3229 2413 3265 m.
2466 3215 2532 3267 Α.

1473 3289 1717 3340 Cornelio
1737 3291 1913 3341 Cosso.
1980 3290 2065 3340 Ab
2089 3305 2153 3342 eo
2174 3297 2409 3357 tempore
2436 3307 2536 3344 non

1471 3379 1588 3417 raro
1611 3382 1726 3418 curn
1752 3367 2001 3430 Etruscis,
2022 3367 2207 3429 Gallis,
2232 3369 2537 3432 salentinis,

1471 3443 1691 3510 aliisque
1737 3443 1971 3496 finitimis
2031 3447 2205 3509 copias
2242 3446 2536 3512 junxerunt

1474 3530 1596 3573 ante
1635 3524 1821 3587 Pyrrhi
1848 3524 2146 3580 adventum,
2168 3524 2273 3588 qui,
2298 3532 2354 3574 ut
2380 3525 2533 3587 paulo

1473 3609 1598 3650 ante
1620 3600 1839 3664 dietum,
1856 3601 2072 3651 incurrit
2089 3603 2141 3651 in
2159 3617 2242 3651 an.
2258 3603 2325 3653 U.
2342 3606 2402 3655 C.
2414 3608 2532 3656 4⁷8.

1472 3682 1532 3725 et
1552 3676 1628 3726 sle
1648 3681 1734 3726 6³.
1758 3676 1907 3726 annis
1932 3677 1998 3727 ab
2022 3677 2171 3729 initio
2194 3678 2316 3728 belli
2340 3680 2390 3728 in
2432 3681 2534 3730 Ro·

1471 3767 1651 3802 rnaaos
1683 3753 1841 3817 moti3
1875 3754 1993 3804 inde
2021 3767 2136 3805 cum
2176 3756 2376 3819 Pyrrho
2411 3771 2533 3808 con·

1459 3830 1660 3895 junctis
1684 3830 1893 3887 viribus,
1917 3844 2126 3895 gessere
2146 3832 2336 3883 bellum
2358 3833 2422 3884 ad
2444 3849 2535 3883 an-

1468 3921 1589 3957 nam
1629 3911 1743 3959 ⁴81.
1817 3908 1935 3957 Hac
1977 3909 2174 3960 ratione
2218 3911 2533 3974 colliguntur

1469 3984 1591 4034 anni
1615 3993 1720 4035 tres
1756 3998 1817 4034 ac
1849 3984 2140 4049 sexaginta,
2177 3987 2361 4050 quibus
2393 3988 2529 4038 bella

1466 4063 1606 4112 inter
1626 4060 1881 4110 Samnites
1901 4068 1957 4111 et
1992 4062 2248 4112 Romanos
2276 4064 2415 4113 nullo
2437 4079 2527 4113 ex·

1467 4145 1552 4191 tra
1587 4139 1792 4189 Italiam
1821 4137 2041 4204 quesite
2066 4139 2282 4189 anxilio:
2321 4141 2526 4191 omnino

1465 4224 1637 4266 antem
1669 4218 1999 4281 septuaginta
2029 4222 2085 4268 et
2118 4231 2275 4279 unus;
2310 4217 2401 4268 sed
2427 4232 2527 4269 non

1462 4293 1694 4350 continui
1718 4289 1861 4348 belli.
