3025 4892
2332 375 2504 445 1685

303 545 468 604 natu
515 558 603 602 ex
647 539 734 602 iis
788 542 854 616 in
898 538 1190 603 concilio
1230 538 1616 621 respondit:
1664 535 1877 616 ‘Quae
1933 538 2326 603 verecundia
2372 547 2499 617 est,

304 641 624 721 Romani,
656 642 1001 727 postulare
1033 649 1210 721 voe,2
1231 643 1325 706 uti
1356 650 1642 705 vestram
1673 640 2312 724 Carthaginiensium
2338 642 2503 707 ami-

299 744 482 810 citiae
516 763 1015 829 praeponamus,
1046 762 1222 820 cum,
1250 743 1366 828 qui
1405 743 1475 807 id
1521 742 1845 830 fecerunt,
1888 742 2299 827 Saguntinos
2347 763 2500 808 cru-

298 843 543 926 deliu8‚
573 866 770 930 quam
803 848 1061 912 Poenus
1090 846 1311 911 bostis
1341 844 1653 931 perdidit,
1688 865 1810 910 vos
1831 847 1999 911 socii
2030 846 2499 930 prodideritis‘l

299 946 410 1013 Ibi
443 950 764 1033 quaeratis
792 950 1039 1028 socioS,
1087 969 1355 1028 censeo,
1407 949 1525 1015 ubi
1577 949 1948 1033 Saguntina
1993 949 2224 1014 clades
2268 950 2501 1032 ignota

296 1058 420 1116 est.
513 1052 841 1136 Hispanis
861 1052 1159 1137 populien
1189 1054 1366 1120 sicut
1392 1052 1696 1136 lugubre,
1728 1055 1827 1118 ita
1856 1052 2113 1136 insigne
2143 1052 2499 1127 documenff

295 1161 440 1228 tum
463 1154 744 1238 Sagunti
780 1156 989 1221 ruinae
1011 1162 1220 1234 erunt,
1268 1175 1355 1222 ne
1383 1155 1537 1239 quis
1563 1153 1720 1220 fidei
1755 1154 2088 1221 Romanae
2118 1161 2236 1220 aut
2278 1155 2499 1220 socie-

295 1258 428 1323 tati
455 1258 794 1325 confidat?
880 1258 1052 1325 Inde
1095 1259 1435 1343 extemplo
1481 1258 1666 1322 abire
1714 1257 1960 1323 finibus
2013 1257 2497 1323 Volcianorum

283 1360 493 1445 jussi,
523 1362 612 1426 ab
648 1363 823 1428 nullo
853 1362 1096 1427 deinde
1126 1361 1415 1428 concilio
1467 1360 1830 1444 Hispaniae
1874 1360 2258 1443 benigniora
2290 1360 2500 1425 verba

291 1462 521 1528 tulere.
568 1463 809 1550 Itaque
837 1465 1288 1551 nequicquam
1313 1470 1670 1549 peragrata
1702 1463 2071 1547 Hispania,
2099 1464 2168 1527 in
2199 1462 2497 1529 Galliam

291 1573 660 1633 transeunt.
2472 1615 2483 1626 ·

379 1667 490 1734 20.
539 1668 621 1734 In
647 1668 801 1735 his⁰
852 1688 1033 1736 nova
1081 1668 1530 1754 terribilisque
1561 1669 1829 1753 species
1850 1676 1872 1717 ³
1917 1669 2072 1736 visa
2121 1676 2248 1748 est,
2304 1668 2495 1756 quod

1040 391 1180 440 us.
1232 385 1407 441 xxi.
1456 387 1621 438 οΑΡ.
1663 369 1771 440 20.

1209 1833 1331 1855 0000
1337 1832 1579 1854 00³0qu

289 1950 518 2014 Rupert.
549 1955 598 2000 et
622 1952 702 2002 vel
722 1957 771 2003 et
790 1959 872 2004 mre
895 1952 948 2003 in
968 1953 1348 2005 societatem—1
1385 1951 1472 2002 Al.
1517 1952 1909 2004 Venetam—2
1947 1953 2059 2016 Vos,
2086 1954 2308 2018 Romani,
2334 1958 2499 2017 poun-

287 2017 392 2066 lm’e
413 2015 648 2067 Gronov.
674 2018 885 2083 Doujat.
907 2019 1140 2069 Crevier.

355 2086 386 2132 8
419 2083 437 2110 ⁶
467 2084 672 2134 Nomen
695 2085 914 2150 alicujus
949 2085 1126 2150 populi
1166 2083 1418 2133 excidisse
1458 2090 1647 2149 putant
1684 2084 1779 2133 viri
1811 2082 1974 2136 docti.
2043 2084 2308 2136 Gronovio
2337 2085 2497 2133 etiarn

285 2146 570 2211 legendnm
607 2149 831 2212 videtur,
865 2150 928 2200 In
957 2148 1192 2200 Arvernis
1224 2164 1362 2210 novet,
1391 2152 1474 2213 &c-
1542 2150 1694 2202 Quod
1735 2150 1833 2199 nisi
1870 2152 1960 2211 sit,
1992 2150 2162 2199 Livius
2191 2150 2380 2200 Gallias
2413 2151 2497 2199 vel

288 2212 471 2262 Gauio
500 2215 762 2278 populonia
786 2221 959 2265 mente
980 2216 1179 2276 habuit,
1201 2219 1264 2264 sd
1289 2215 1429 2279 quod
1457 2216 1637 2265 retulit
1672 2215 1723 2264 in
1752 2216 1863 2274 his,-
1895 2217 2019 2265 lieet
2053 2225 2176 2266 ante
2201 2217 2499 2279 scripsisset

284 2278 538 2328 Galliam?
571 2282 766 2330 Stroth.
832 2284 849 2310 ‘
873 2282 954 2331 cl.
979 2281 1415 2341 Matbaei,nomen
1458 2282 1658 2346 populi,
1690 2281 1780 2344 qui
1817 2281 2093 2338 exciderit,
2129 2282 2180 2331 in
2216 2281 2500 2345 depravata

285 2342 534 2406 lectione,
564 2346 895 2411 terribilisque,
928 2349 1091 2396 latere
1127 2361 1359 2402 censens,
1381 2346 1512 2396 hauc
1552 2348 1964 2396 emendationem
2004 2347 2279 2410 proponit:
2327 2347 2388 2396 Ῑιι
2423 2347 2501 2396 hie

281 2423 407 2460 noua
430 2409 617 2459 luiba-i
786 2427 811 2461 s
831 2416 936 2462 viss
961 2418 1048 2461 est.
1115 2411 1264 2474 (Fuit
1292 2412 1528 2461 nimirum
1560 2411 1787 2462 Illiberis
1821 2413 1992 2462 nobile
2026 2412 2080 2461 in
2106 2407 2189 2461 via‘
2211 2426 2275 2459 ex
2307 2412 2499 2473 Hispa·

282 2474 372 2522 nis
396 2475 449 2524 in
474 2475 703 2526 Galliam
725 2478 949 2528 ducente
972 2476 1268 2541 oppidum.)
1333 2477 1438 2528 Sed
1462 2477 1559 2541 sic,
1579 2491 1679 2543 quo
1702 2476 1756 2526 in
1790 2477 1869 2526 his
1901 2476 2124 2539 referas,
2147 2476 2372 2527 nondum
2409 2476 2495 2525 lta·

283 2538 397 2589 bes.
466 2541 724 2605 Equidem
748 2543 813 2593 ad
837 2543 888 2592 ia
910 2543 985 2592 his
1007 2550 1147 2594 recte
1176 2543 1357 2592 Gallia
1383 2544 1570 2607 populis
1607 2544 1838 2606 suppleri
1880 2557 2032 2606 posse
2062 2543 2333 2602 existim03
2371 2541 2497 2591 alias

279 2605 388 2655 leni
414 2607 764 2665 correctione,
800 2609 846 2658 si
883 2607 963 2658 Ibi
1002 2623 1097 2671 pro
1134 2608 1195 2658 In
1231 2609 1305 2658 Iris
1344 2611 1567 2672 legatur,
1600 2609 1765 2659 omnis
1789 2609 1940 2672 hujus
1963 2607 2061 2657 loci
2084 2606 2362 2657 difficultas
2385 2606 2499 2658 tolli

280 2669 479 2734 possit.’
512 2672 748 2736 Doering.
818 2674 881 2723 la
906 2674 1096 2724 Gallias
1118 2674 1315 2739 recepit
1340 2674 1691 2739 Kreyssigins.
1754 2674 1771 2702 ‘
1799 2673 1900 2723 Hic
1936 2675 2265 2738 perspicuum
2302 2680 2385 2722 est
2406 2673 2500 2721 ali·

279 2737 407 2850 {uid
432 2751 547 2787 esse
573 2739 702 2801 vitii,
723 2746 780 2790 et
803 2740 993 2804 requiri
1027 2754 1210 2790 nomen
1243 2742 1414 2802 gentis
1454 2749 1545 2789 snt
1578 2739 1738 2794 urbis.
1768 2739 1833 2788 ad
1858 2755 2013 2804 qnam
2056 2738 2295 2788 venerint
2331 2738 2497 2801 primo

331 2803 507 2852 omani
529 2804 579 2853 in
603 2803 829 2856 Galliam
854 2805 1182 2870 transgressi.
1253 2805 1370 2854 Hoc
1394 2805 1638 2867 permulti
1674 2804 1918 2855 viderunt
1939 2821 1953 2854 ε
1986 2805 2125 2855 solus
2147 2805 2266 2856 Jac.
2293 2803 2498 2853 Grono-

283 2868 395 2917 vius
416 2868 645 2919 feliciter
667 2870 966 2920 emendasse
993 2871 1217 2921 videtur.
1282 2870 1444 2922 Jubet
1468 2871 1556 2920 ille
1582 2870 1714 2932 legi:
1750 2870 1803 2920 in
1825 2869 2035 2921 Galliam
2056 2873 2319 2920 hannani.
2368 2871 2497 2919 Rus·

278 2934 448 2984 cinon
468 2936 701 2985 terribilis
719 2937 897 3000 speeies
915 2936 1020 2987 viso
1040 2941 1128 2987 est.
1174 2937 1376 2988 Juvant
1398 2938 1506 3000 ejus
1532 2937 1886 3002 conjecturam
1910 2942 1968 2986 et
1991 2937 2090 2986 loci
2110 2936 2259 2991 situs.
2280 2941 2335 2984 et
2352 2949 2499 2985 meu·

281 3000 355 3049 tio
382 3000 690 3051 Ruscinonis
724 3001 790 3051 ab
830 3002 976 3052 Livio
1002 3004 1078 3051 bis
1102 3000 1262 3064 facts,
1283 3000 1415 3051 infra
1440 3017 1487 3052 c.
1503 3006 1586 3051 2⁴.
1654 2998 1903 3051 Attamen
1925 3000 1985 3050 τὸ
2005 3017 2121 3051 novo
2144 3001 2220 3051 ita
2241 3001 2359 3050 liuic
2380 3015 2498 3066 quar

281 3074 528 3115 narratur
551 3066 625 3116 rei
647 3081 934 3132 congruere
959 3068 1188 3129 videtur,
1224 3076 1281 3116 ut
1320 3067 1445 3119 illud
1485 3067 1740 3117 eliminari
1776 3082 1878 3118 non
1901 3066 2059 3119 facile
2083 3068 2359 3132 patiemur.
2427 3067 2499 3117 Et

280 3144 398 3180 cum
433 3131 526 3182 ills
556 3146 685 3183 voce
719 3133 854 3184 haud
887 3149 1029 3199 aegre
1061 3135 1354 3184 coalescere
1391 3141 1673 3200 potuerunt
1706 3133 1820 3184 duae
1857 3143 2132 3199 postrenum
2168 3133 2380 3198 syllabae
2412 3134 2501 3182 τοῦ

1285 3281 1337 3332 N
1348 3281 1508 3333 01·AE

343 3405 368 3431 ⁰
403 3397 463 3447 Is
480 3395 582 3463 his]
608 3395 918 3448 Existimant
935 3397 1085 3449 Glsr.
1103 3382 1349 3462 etSigon.

279 3475 538 3524 excidisse
556 3475 777 3524 hocloco
791 3488 977 3524 nomen
992 3474 1169 3538 populi
1188 3473 1352 3524 Galli-

280 3553 345 3616 ci,
368 3566 527 3617 quern
565 3551 784 3616 primum
815 3550 1158 3601 Romanorum
1195 3551 1351 3612 legati

278 3629 521 3679 adierint.
590 3627 886 3678 Gronovius
917 3627 1161 3677 Arvernos
1188 3625 1350 3677 fuisse

281 3705 498 3771 conjicit
521 3720 586 3755 ex
610 3706 647 3756 1.
676 3715 862 3756 xxvn.
882 3720 931 3755 c.
955 3708 1038 3755 89.
1061 3703 1256 3754 Vernm'
1279 3704 1349 3753 ibi

281 3784 346 3834 de
369 3784 701 3835 Hasdrubale
725 3785 914 3848 agitur,
934 3799 1036 3834 non
1060 3783 1127 3833 (le
1150 3782 1352 3833 Hanni-

278 3861 397 3911 bale
413 3877 429 3922 ς
449 3875 622 3926 neque
639 3861 859 3910 Arverni
872 3862 965 3910 nisi
981 3861 1349 3925 perVolcsrum

282 3937 604 4001 aliorumque
623 3938 927 4001 populorum
945 3938 1204 4001 regionem
1217 3938 1349 3988 adiri

284 4021 570 4078 potnerunt
611 4013 678 4064 ab
710 4015 955 4064 veniente
989 4030 1054 4064 ex
1089 4015 1350 4080 Hispania

284 4090 606 4141 Hannibale.
675 4091 1022 4142 verisimilius
1045 4092 1222 4158 itaque
1246 4098 1349 4153 est,

282 4174 513 4217 tentatos
537 4166 760 4231 primurn
783 4180 897 4216 esse
930 4167 1347 4218 Narbonensium

283 4254 341 4302 et
361 4246 794 4296 Nemausensium
819 4247 1033 4297 animos.
1079 4246 1232 4298 Quod
1259 4259 1348 4296 au·

290 4330 392 4373 tem
414 4323 591 4373 armati
613 4324 665 4373 in
686 4324 934 4373 concitam
954 4324 1135 4375 venssse
1159 4337 1351 4375 memo-

1431 3404 1635 3462 rentur,
1658 3396 1710 3448 id
1738 3412 1833 3447 non
1854 3395 2228 3458 Arvernorum,
2251 3409 2354 3444 non
2373 3391 2495 3445 Vol·

1429 3491 1605 3526 carum
1645 3478 1909 3542 proprium
1944 3492 1961 3540 ;
1994 3475 2087 3526 sed
2133 3475 2228 3525 toti
2274 3474 2495 3526 Gallicoe

1431 3555 1577 3618 genti
1620 3568 1890 3603 commune
1947 3567 2062 3602 cum
2125 3551 2303 3601 vicinis
2363 3551 2493 3601 Ger-

1429 3632 1616 3687 manis,
1632 3630 1739 3694 qul,
1763 3639 1979 3679 auctore
1999 3628 2207 3690 Tacito,
2224 3631 2239 3656 ‘
2259 3628 2385 3677 nihil
2408 3641 2496 3677 ne·

1431 3719 1535 3771 qne
1559 3705 1802 3769 publica»,
1825 3718 1993 3770 neque
2029 3705 2249 3768 privatae
2275 3706 2371 3768 rei,
2395 3705 2496 3754 nisi

1432 3784 1619 3832 armati
1654 3780 1919 3845 agebant:
1967 3789 2021 3830 et
2062 3781 2113 3828 in
2155 3780 2411 3842 conciliis,
2451 3782 2495 3830 si

1433 3859 1703 3924 placuerat
1742 3856 2003 3907 sententia
2044 3853 2271 3906 frameas
2308 3871 2495 3908 concu-

1432 3934 1667 3994 tiebant,'
1688 3934 1872 3999 quibus
1901 3933 2378 3984 ‘honoratissimum
2416 3950 2494 3984 as·

1431 4026 1615 4062 sensus
1655 4025 1817 4077 genus
1848 4016 2000 4071 ἐκεῖ,
2038 4011 2192 4060 armis
2246 4010 2497 4060 laudare!

1432 4090 1652 4141 Graecos
1696 4089 1854 4138 etism
1900 4090 2095 4152 priscos
2139 4087 2333 4137 ferrum
2385 4088 2495 4137 sive

1431 4182 1573 4217 arma
1597 4164 1934 4217 circumferre
1970 4164 2162 4231 ubique
2199 4165 2495 4215 solitos'uo·

1432 4256 1510 4298 tat
1528 4244 1876 4310 Thucydides.
