3025 4892
1008 392 1153 441 nm.
1200 390 1439 439 xxm.
1484 390 1654 442 cap.
1696 373 1806 440 43.
2323 371 2496 440 1969

296 535 517 602 landis
557 543 627 602 et
664 536 939 602 militem
986 556 1183 602 suurn
1225 536 1639 620 repleturum
1685 555 1781 613 se,
1810 542 1879 600 et
1926 542 2108 600 metu
2140 536 2377 619 procul
2406 537 2492 601 ab

299 640 387 706 iis
433 646 913 706 summoturum
961 640 1241 707 hostes!
1330 640 1536 720 Quod
1579 639 1666 705 ad
1705 640 1957 706 bellurn
1990 638 2372 705 Romanum
2402 644 2497 704 at-

299 744 566 822 tineret,
617 745 679 809 si
728 745 1105 810 Trasimeni
1150 763 1351 828 quam
1405 744 1697 823 Trebiae,
1742 745 1801 807 si
1846 743 2230 808 Cannarum
2293 762 2496 827 quam

297 846 677 913 Trasimeui
701 867 925 932 pugna
954 848 1246 913 nobilior
1274 854 1492 929 esset3
1541 845 1919 912 Cannarum
1952 866 2028 911 se
2058 866 2326 932 quoque
2356 867 2497 912 me-

298 949 577 1016 moriam
632 952 982 1017 obscuram
1036 951 1286 1036 maJore
1335 959 1403 1017 et
1453 952 1736 1017 clariore
1790 951 2073 1017 victoria
2120 952 2496 1017 facturum!

298 1051 472 1119 Cum
515 1053 647 1120 boc
687 1074 1017 1138 responso
1059 1054 1578 1140 muneribusque
1624 1054 1873 1138 amplis
1915 1055 2171 1138 legatos
2218 1054 2496 1121 dimisit.

298 1156 489 1241 Ipse,
522 1158 842 1241 praesidio
885 1159 1156 1224 modico
1193 1157 1423 1223 relicto
1457 1159 1521 1222 in
1549 1158 1820 1236 Tifatis,
1851 1157 2191 1242 profectus
2218 1165 2447 1223 cetero
2468 1165 2497 1196 ²

298 1260 607 1327 exercitu
654 1261 748 1326 ire
802 1259 1048 1326 Nolam
1101 1261 1336 1346 pergit.
1446 1259 1697 1326 Eodem
1748 1261 1999 1325 Hanno
2051 1280 2139 1325 ex
2191 1261 2499 1340 Bruttiis,

298 1383 455 1430 cum
515 1364 989 1447 supplemento
1049 1364 1451 1448 Cartbagine
1511 1364 1798 1430 advecto
1850 1371 2053 1447 atque
2104 1364 2497 1448 elephantis,

300 1467 509 1531 venit.
620 1464 921 1530 Castris³
983 1466 1158 1531 haud
1214 1467 1455 1550 procul
1511 1467 1786 1550 positis,
1840 1468 2033 1550 louge
2086 1467 2222 1533 alia
2271 1467 2499 1533 omnia

298 1565 661 1652 inquirenti
709 1577 1052 1653 comperta
1102 1576 1278 1649 snut,
1329 1590 1531 1656 quam
1586 1590 1738 1656 qnae
1788 1589 1826 1635 a
1873 1570 2119 1651 legatis
2161 1571 2499 1636 sociorum

297 1670 625 1737 audierat.
712 1671 901 1738 Nihil
954 1674 1131 1738 enim
1178 1673 1544 1739 Marcellus
1590 1675 1689 1738 ita
1735 1674 2033 1756 gerebat,
2081 1680 2157 1738 ut
2207 1681 2325 1738 ant
2368 1674 2501 1739 sor-

296 1781 509 1852 tunae,
547 1781 668 1839 aut
709 1782 955 1840 temere
996 1776 1175 1841 hosti
1225 1777 1657 1841 commissum
1705 1777 1839 1842 dici
1886 1784 2151 1860 posset.
2242 1776 2501 1862 Explo-

298 1884 454 1941 rato
509 1894 659 1941 cutn
718 1877 1106 1963 firmisqne⁴
1161 1879 1519 1962 praesidiis,
1575 1884 1722 1944 tuto
1781 1887 2077 1963 receptu,
2127 1879 2504 1964 praedatum

300 1980 509 2063 ierat3
553 1982 936 2065 omniaque,
985 1982 1169 2047 velut
1216 1983 1536 2048 adversus
1584 1992 1984 2067 praesentem
2032 1983 2500 2062 Hannibalem,

300 2087 509 2147 cauta
558 2083 961 2168 provisaque
1001 2085 1351 2149 fuerunt-⁸⁵
1438 2086 1638 2164 Tum,
1669 2087 1786 2151 ubi
1829 2086 2038 2151 sensit
2075 2086 2341 2152 hostem
2383 2088 2504 2152 ad-

304 2192 589 2260 ventare,
622 2186 856 2270 copias
899 2187 1072 2251 intra
1114 2187 1365 2253 moenia
1401 2189 1648 2254 tenuit:
1693 2208 1812 2273 per
1840 2208 2063 2254 muros
2092 2190 2503 2254 inambulare

305 2297 653 2356 senatores
696 2289 1006 2354 Nolanos
1041 2290 1272 2374 jussit,
1319 2297 1392 2356 et
1432 2293 1657 2356 omnia
1703 2292 1888 2357 circa
1931 2292 2306 2376 explorare,
2348 2312 2503 2376 quae

304 2391 491 2475 apud
537 2392 763 2458 hostes
805 2392 1061 2459 fierent.
1150 2393 1257 2458 Ex
1303 2394 1391 2460 iis
1442 2394 1716 2474 Hanno,
1746 2415 1897 2461 cum
1930 2395 2015 2461 ad
2048 2415 2308 2460 murum
2352 2414 2504 2460 suc-

305 2496 648 2574 cessisset,
684 2496 1098 2562 Herennium
1138 2497 1431 2563 Bassum
1467 2507 1536 2565 et
1569 2499 1845 2564 Herium
1878 2497 2220 2577 Pettium,⁶
2249 2499 2332 2563 ad
2363 2493 2504 2564 col-

303 2597 609 2682 loquium
654 2608 979 2666 evocatos
1023 2602 1490 2686 permissuque
1534 2602 1842 2668 Marcelli
1881 2622 2212 2685 egressos,
2243 2622 2366 2687 per
2409 2603 2506 2667 in-

304 2708 657 2786 terpretem
707 2703 1085 2787 alloquitur.
1207 2703 1613 2770 Hannibalis
1667 2706 1977 2771 virtutem
2028 2703 2504 2790 fortunamque

304 2807 607 2873 extollit:
651 2808 885 2893 populi
928 2806 1222 2873 Romani
1265 2808 1512 2882 obterit
1554 2817 2000 2873 senescentem
2051 2826 2202 2872 curn
2251 2807 2506 2873 viribus

306 2909 761 2996 majestatem.
851 2916 871 2946 ‘
906 2911 1081 2991 Quae
1127 2911 1188 2976 si
1230 2912 1422 2995 paria
1451 2919 1701 2989 essent,
1730 2915 1806 2975 ut
1832 2910 2166 2997 quondam
2197 2910 2504 2990 fuissent,

306 3022 530 3079 tamen
571 3016 895 3100 expertis,
923 3033 1124 3099 quam
1169 3033 1373 3098 grave
1415 3012 1800 3079 Romanum
1846 3015 2248 3097 imperium⁰
2278 3014 2508 3093 sociis,

372 3211 402 3281 ζ
438 3203 561 3281 5⁹⁰3}ss
580 3208 703 3281 rut-et
726 3205 904 3254 milites
924 3218 1032 3254 nos
1057 3204 1222 3268 proeda
1245 3204 1513 3270 locupletet,
1548 3211 1598 3255 et
1632 3209 1819 3255 armat
1852 3221 1885 3255 a
1921 3203 2216 3255 Sannitibus
2253 3203 2508 3267 mmm«,

313 3283 401 3369 με
420 3275 823 3384 ⁸3:231?st
827 3275 1102 3386 methimn-
1122 3334 1333 3384 omnibus
1353 3335 1406 3385 in
1426 3334 1564 3385 rebus
1583 3335 1886 3401 adhibuerat,
1905 3341 2048 3400 atque
2067 3335 2140 3385 ita
2158 3335 2351 3399 provide
2372 3349 2512 3383 eunc-

308 3401 378 3450 tis
397 3404 725 3465 prospexerat,
750 3405 974 3465 tanquam
993 3402 1038 3451 εἰ
1050 3414 1261 3463 presens
1282 3399 1532 3450 Hannibal
1550 3401 1793 3467 affuisset.

1228 3528 1534 3549 ΟΟΟΟΟΟΟΟ
1536 3529 1598 3550 00

381 3637 407 3683 l
444 3632 596 3697 Conj.
621 3633 843 3697 Rupert.
881 3632 1190 3681 Indicandam
1223 3632 1404 3682 cladem
1423 3631 1475 3691 s.
1508 3634 1658 3693 pre—2
1692 3629 1709 3658 ‘
1732 3631 1854 3679 Cum
1885 3633 2039 3677 cetero
2078 3625 2211 3675 Edd.
2245 3633 2366 3674 ante
2393 3625 2511 3676 Jac.

311 3699 549 3749 GronoV.
592 3706 785 3762 preter
826 3697 1224 3762 antiquissimas,
1274 3698 1326 3745 in
1373 3697 1559 3760 quibus
1604 3696 1757 3746 etiam
1806 3692 2107 3758 proepositio
2150 3690 2515 3740 desideratur.'

311 3762 604 3815 Seram-s
639 3764 718 3814 Ibi
737 3763 908 3813 enutris
933 3762 1065 3812 Edd.
1089 3769 1208 3812 ante
1233 3762 1564 3813 (honum—⁴
1587 3761 1735 3811 voss.
1758 3760 2021 3823 Raptor-ato
2042 3756 2514 3822 enisu-firmisque.—

311 3835 343 3879 ⁶
378 3835 394 3859 ⁶
421 3830 527 3881 Pro
550 3829 750 3891 suerunt
784 3837 928 3880 recte
948 3828 1152 3888 suerent
1186 3827 1463 3893 legendum
1499 3840 1620 3877 esse
1652 3835 1835 3876 censet
1856 3821 2183 3875 Crevierins!
2213 3823 2517 3882 noer-ing.—

1314 3973 1528 4026 NOTAE

379 4082 404 4109 ⁰
441 4074 598 4132 Qum
630 4087 778 4136 grune
819 4074 1078 4123 Βωκαπιιπι
1111 4071 1383 4137 humum]
1461 4073 1584 4122 ritis
1622 4078 1678 4121 et
1714 4068 1929 4120 libidine
1970 4066 2358 4130 magistratuum
2399 4079 2517 4129 pro·

316 4155 621 4218 Quanquam
642 4152 742 4200 hoc
766 4150 830 4200 ab
858 4150 1109 4201 Hannone
1124 4150 1380 4199 Romano·
1461 4149 1755 4200 vincialium
1780 4154 1927 4208 παις
1959 4144 2104 4210 cujus
2144 4145 2218 4195 rel
2254 4144 2519 4207 specimen

320 4244 431 4279 rnna
456 4229 604 4279 hoste
638 4227 862 4291 dicatur,
887 4240 1007 4277 vere
1047 4234 1220 4276 tamen
1255 4225 1382 4275 dici·
1461 4228 1645 4293 ingen·
1669 4225 1721 4275 ln
1745 4237 1845 4274 uno
1867 4219 2034 4272 Verre
2062 4219 2291 4272 ostendit
2313 4218 2519 4271 Cicero.

319 4317 424 4359 tur.
460 4306 529 4360 Et
551 4318 713 4373 grave
732 4305 1038 4373 plerumque
1058 4317 1239 4355 revera
1260 4314 1380 4356 ava-
