3025 4892
424 352 597 422 1472
1372 373 1440 422 τ.
1490 371 1688 421 mvn

748 517 847 579 Ibi
888 525 1096 600 sponte
1145 516 1574 598 oppidanorum
1614 524 1883 598 receptus
1929 513 2007 576 ad
2044 515 2230 597 ipsam
2274 513 2643 577 Panormum

743 625 939 676 castra
962 615 1166 687 movit,
1187 615 1283 675 cui
1304 616 1380 675 ab
1413 623 1755 694 argumento
1782 622 1981 695 portus
2016 613 2353 695 amplissimi
2374 613 2646 696 pulcher-

744 713 991 793 rimique
1028 733 1234 773 nomen
1272 722 1363 774 est
1400 712 1670 774 inditum.
1755 711 1826 772 H
1830 732 1901 773 ao
1925 731 2162 792 quoque
2197 732 2302 793 per
2325 711 2444 772 vim
2470 731 2648 772 occu·

747 819 910 891 pata,
965 831 1101 870 cum
1142 811 1376 891 insuper
1419 810 1613 870 locum
1675 811 1777 890 qui
1828 809 2126 890 Epieircte
2185 818 2449 880 vocatur,
2496 810 2646 867 inter

428 924 726 990 Polyb.1.66.
752 906 1118 968 Panormum
1152 915 1215 967 et
1243 908 1497 988 Erycem
1526 908 1586 968 in
1614 915 1812 968 monte
1833 927 2081 979 amoen0,
2101 906 2204 967 sed
2226 905 2423 967 arduis
2446 925 2644 966 acces-

750 1005 931 1076 sibus,
972 1005 1172 1073 situm,
1213 1004 1491 1085 cepisset:
1538 1005 1807 1065 universa
1837 1007 1968 1084 jam
2002 1004 2306 1085 provincia
2332 1002 2648 1081 Carthagi·

751 1101 1034 1162 niensium
1050 1102 1672 1183 potiebatur,excepto
1691 1100 1978 1183 Lilybaeo.
2023 1102 2210 1162 Hanc
2226 1110 2422 1162 autem
2444 1100 2648 1158 urbem

446 1214 578 1264 Dion
617 1230 659 1264 s.
677 1230 728 1264 a·
744 1220 867 1277 ,non
922 1199 1006 1259 ita
1050 1198 1272 1280 pridem
1321 1198 1497 1259 Poeni
1550 1199 1959 1271 condiderant,
2005 1208 2073 1261 ut
2117 1199 2533 1280 Motyensibus
2575 1216 2650 1256 ea

426 1281 564 1396 §¹524
595 1281 714 1395 ¹23·
750 1295 918 1356 sedes
954 1296 1125 1368 foret,
1166 1316 1409 1376 quorum
1451 1296 1731 1379 oppidum
1792 1297 2113 1379 Dionysius
2153 1306 2434 1378 tyrannus
2487 1292 2649 1354 bello

568 1381 581 1396 ⁸
694 1381 709 1399 ⁸
755 1392 1227 1471 Carthaginiensi
1267 1393 1547 1454 diruerat.
1648 1393 1804 1455 Cum
1846 1394 2020 1475 igitur
2063 1415 2139 1456 ex
2171 1394 2331 1454 omni
2376 1390 2536 1473 qnod
2588 1391 2647 1450 in

758 1489 965 1551 Sicilia
989 1490 1315 1550 habuerant
1342 1491 1584 1572 imperio
1619 1512 1753 1573 spes
1795 1512 1930 1552 snas
1955 1513 2134 1553 unum
2156 1492 2327 1551 istum
2364 1491 2423 1549 in
2455 1488 2648 1549 locum

756 1586 1062 1647 conclusas
1116 1586 1385 1648 viderent
1431 1588 1629 1660 Poeni,
1681 1599 1998 1670 apparatus
2047 1589 2126 1651 ad
2187 1586 2548 1650 obsidionem
2611 1606 2651 1644 a

758 1683 998 1765 Pyrrho
1033 1683 1161 1744 fieri
1201 1685 1538 1758 sentientes,
1582 1688 1899 1767 majoribus
1921 1708 2055 1749 eam
2090 1686 2311 1747 viribus
2334 1682 2650 1745 defendere

757 1781 1157 1843 decreverunt.

837 1886 938 1941 14.
984 1879 1338 1942 Introducto
1380 1883 1556 1962 igitur
1590 1904 1706 1944 non
1747 1883 2074 1964 spernendo
2126 1884 2332 1943 robore
2369 1880 2650 1949 militum,

753 1986 1200 2058 commeatuque
1233 1981 1494 2060 copioso,
1540 1980 1747 2042 adhaec
1781 2001 1997 2059 magna
2034 1981 2094 2041 vi
2135 1980 2538 2040 machinarum
2579 1995 2653 2035 ac

755 2072 1025 2145 telorum,
1055 2078 1251 2155 (cujus
1293 2078 1375 2137 rei
1408 2077 1665 2138 saoultas
1698 2079 1837 2160 ipsis
1861 2077 2060 2159 ampla
2093 2085 2243 2149 erat,
2272 2073 2431 2155 quod
2457 2075 2518 2135 in
2545 2093 2653 2155 po·

758 2180 971 2231 testate
987 2192 1146 2233 mare
1157 2173 1491 2254 haberent,)
1506 2175 1584 2235 ad
1602 2176 1883 2257 oppidum
1904 2174 2161 2255 undique
2178 2169 2654 2254 permuniendum

758 2287 973 2347 magna
989 2290 1133 2329 cura
1154 2291 1216 2330 se
1241 2272 1631 2333 contulerunt.
1716 2273 2053 2354 Praecipue,
2081 2291 2201 2352 qua
2237 2280 2391 2331 terra
2411 2268 2658 2350 patebat

759 2364 973 2437 aditus,
998 2368 1218 2428 crebrae
1262 2378 1444 2429 turres
1484 2371 1764 2432 excitatae
1788 2379 1945 2442 sunt,
1988 2370 2226 2450 lataque
2260 2368 2420 2428 fossa
2456 2364 2656 2425 facta:

757 2460 1003 2524 celerius
1026 2485 1201 2546 opere
1235 2467 1609 2547 procedente,
1635 2467 1795 2548 qnod
1820 2471 2041 2549 majore
2067 2468 2154 2528 sui
2181 2474 2347 2548 parte
2372 2473 2656 2524 structum

758 2560 816 2618 in
843 2563 1116 2622 cautibus
1146 2565 1387 2624 marinis
1423 2565 1707 2647 oppidum
1747 2574 1872 2627 toto
1900 2564 2005 2626 illo
2044 2564 2236 2645 spatio
2277 2582 2452 2622 manu
2493 2560 2658 2620 facta

756 2659 1119 2720 munimenta
1170 2661 1337 2721 nulla
1385 2661 1779 2724 desiderabat.
1891 2662 2092 2722 Missis
2139 2661 2361 2720 interea
2427 2656 2657 2736 legatis,

757 2773 1096 2836 quanquam
1121 2757 1198 2818 ad
1227 2758 1447 2818 bellum
1475 2779 1720 2840 magnos
1744 2769 2063 2841 apparatus
2079 2757 2359 2828 fecerant,
2385 2774 2655 2835 magnas-

428 2870 597 2921 zonar.
759 2869 873 2929 que
913 2854 1136 2934 copias,
1173 2874 1309 2915 cum
1351 2855 1610 2929 aliunde,
1640 2866 1765 2917 tum
1804 2857 1981 2917 etiam
2017 2877 2095 2916 ex
2138 2855 2347 2925 Italia,
2390 2850 2659 2912 mercede

463 2958 594 3008 Plut.
650 2959 701 3007 in
759 2948 1187 3022 conduxerant,
1215 2952 1263 3011 si
1292 2972 1413 3033 pax
1440 2954 1625 3033 aequis
1648 2953 2079 3014 conditionibus
2119 2950 2413 3033 impetrari
2440 2957 2657 3030 posset,

430 3021 637 3137 {arrha
690 3040 736 3074 ⁰·
762 3046 1072 3129 pecuniam
1097 3058 1160 3107 et
1182 3047 1431 3109 classem
1458 3050 1905 3132 pollicebantur.
1991 3049 2279 3110 Pecuniae
2305 3046 2658 3107 mentionem

464 3151 666 3206 Diodor.
762 3164 876 3204 non
904 3142 1142 3206 admisit
1164 3145 1455 3227 Pyrrhus,
1483 3149 1659 3208 urbes
1681 3169 1830 3229 quas
1860 3156 2255 3230 occupaverat
2287 3145 2537 3205 retinere
2555 3162 2658 3202 cu-

760 3242 930 3323 piens
964 3262 978 3301 :
1023 3240 1098 3302 de
1148 3243 1418 3326 Lilybaeo
1457 3254 1654 3306 tamen
1708 3266 2084 3307 concessurus
2127 3242 2461 3304 videbatur.
2538 3238 2661 3300 Sed

761 3338 934 3398 amici
962 3340 1136 3418 regis,
1169 3341 1594 3424 civitatumque
1622 3341 1955 3404 Sicularum
1976 3341 2288 3423 principes,
2315 3348 2473 3399 metu
2508 3337 2662 3397 Car-

760 3434 1210 3514 thaginiensium
1240 3449 1581 3501 vacaturam
1607 3461 1733 3502 esse
1755 3438 2003 3501 insulam
2026 3446 2328 3517 negantes,
2354 3435 2546 3496 donec
2572 3433 2662 3494 illi

760 3541 989 3592 tantum
1015 3534 1282 3597 valentes
1304 3538 1590 3598 classibus
1609 3538 1959 3620 Lilybaeum,
1981 3547 2260 3616 tanquam
2278 3532 2471 3595 scalas
2486 3552 2664 3613 quas-

760 3628 899 3689 dam
929 3629 1006 3689 ad
1029 3635 1466 3695 exscensionem
1493 3635 1833 3697 faciundam
1862 3643 2119 3716 paratas,
2147 3640 2435 3701 tenerent,
2453 3650 2668 3710 perpu-

765 3723 977 3798 lerunt,
1005 3737 1071 3789 ut
1094 3750 1271 3790 unam
1309 3752 1435 3792 esse
1474 3732 1851 3815 responderet
1866 3732 2143 3792 amicitiae
2167 3728 2585 3797 conditionem,
2614 3727 2666 3786 si

432 3841 565 3891 Plut.
764 3824 1039 3884 universa
1068 3824 1276 3888 Sicilia
1301 3829 1578 3890 cedentes
1618 3831 1914 3911 utriusque
1942 3828 2168 3910 imperii
2193 3826 2503 3888 terminum
2538 3845 2666 3885 esse

439 3936 643 3989 Diodor.
768 3937 927 3979 mare
945 3930 1301 4001 paterentur.

544 4016 549 4023 ’
847 4022 948 4076 15.
994 4016 1095 4079 lta
1129 4040 1233 4100 spe
1279 4023 1444 4101 pacis
1467 4023 1750 4095 discussa,
1797 4027 2062 4106 protinus
2107 4024 2184 4084 ad
2238 4023 2444 4082 urbem
2497 4021 2667 4098 sig-na

767 4114 986 4173 movit:
1032 4135 1220 4197 neque
1246 4119 1449 4199 procul
1477 4122 1655 4181 muris
1697 4132 1892 4183 castra
1918 4131 2193 4191 metatus,
2237 4116 2556 4199 manipulis
2580 4118 2667 4177 ita

765 4211 1085 4293 dispositis,
1112 4224 1178 4273 ut
1203 4214 1413 4281 defessi
1439 4238 1477 4278 a
1520 4220 1850 4281 recentibus
1895 4238 1998 4302 per
2040 4220 2200 4281 vices
2237 4217 2666 4298 exciperentur,
