3025 4892
986 354 1136 403 mn.
1180 352 1426 409 xxm.
1473 356 1643 403 car.
1688 339 1796 404 15.
2313 327 2488 409 1913

274 508 411 579 set,
472 519 656 585 saepe
712 500 806 578 vi,
851 520 1034 586 saepe
1086 501 1507 568 solicitandis
1561 502 2005 586 nequicquam
2065 521 2242 567 nuuc
2285 503 2486 587 plebe

270 623 454 668 nunc
484 603 928 689 principibus,
957 606 1135 670 fame
1168 606 1431 669 demum
1468 606 1536 670 in
1569 605 1975 670 deditionem
2005 605 2294 690 accepit,
2325 625 2487 689 pao-

272 706 466 784 tus,¹⁸
498 713 572 771 ut
598 708 886 772 inermes
917 727 1069 774 cum
1102 709 1387 792 singulis
1411 709 1669 774 abirent
1697 708 2160 774 vestimentis:
2199 708 2484 788 Deinde,

274 817 354 874 ut
381 811 500 894 qui
527 830 567 876 a
598 810 929 895 principio
969 813 1150 877 mitis
1180 812 1497 877 omnibus
1524 811 1811 890 Italicis,
1843 818 2086 896 praeter
2118 811 2486 890 Romanos,

270 912 492 980 videri
525 914 750 986 vellet,
773 916 1051 997 praemia
1078 921 1279 1000 atque
1300 916 1620 993 bonores,
1644 917 1761 1000 qui
1785 922 2205 981 remanerent
2248 936 2330 981 ac
2357 916 2484 980 mi-

270 1015 468 1082 litare
496 1035 726 1082 secum
763 1017 1156 1094 voluissent,
1198 1019 1632 1102 proposuit.¹⁹
1721 1017 1870 1082 Nec
1911 1038 1994 1082 ea
2037 1038 2160 1103 spe
2179 1026 2237 1057 ²⁰
2278 1039 2482 1105 quen-

273 1138 477 1203 quam
528 1119 758 1185 tenuit.
880 1119 1157 1204 Dilapsi
1216 1140 1470 1197 omneS,
1520 1140 1947 1205 quocumque
2004 1122 2309 1205 hospitia
2365 1130 2485 1188 aut

269 1220 589 1290 fortuitus
616 1222 820 1288 animi
848 1223 1138 1307 impetus
1164 1223 1338 1300 tulit,
1371 1243 1488 1308 per
1515 1224 1910 1308 Campaniae
1943 1226 2162 1302 urbes,
2190 1227 2484 1292 maxime

272 1324 529 1390 Nolam
584 1325 1097 1410 Neapolimque.
1185 1325 1358 1392 Cum
1413 1326 1618 1390 ferme
1665 1327 1940 1410 triginta
1986 1334 2356 1408 senatores„
2399 1347 2482 1395 ac

269 1428 438 1492 forte
463 1429 715 1511 primus
744 1430 1060 1514 quisque,
1090 1428 1395 1512 Capuam
1422 1431 1777 1513 petissent,
1797 1433 2058 1500 exclusi
2089 1432 2269 1509 inde,
2300 1433 2481 1517 quod

268 1537 505 1613 portas
530 1530 898 1616 Hannibali
930 1533 1370 1610 clausissent,
1414 1532 1666 1597 Cumas
1696 1554 1770 1599 se
1801 1536 2240 1602 contulerunt.
2333 1537 2483 1602 Nu-

270 1634 475 1700 ceriae
506 1633 739 1718 praeda
766 1636 961 1700 militi
1009 1635 1173 1701 data
1216 1643 1358 1716 est3
1421 1638 1581 1700 urbs
1623 1637 1896 1722 direpta
1937 1644 2139 1721 atque
2185 1640 2483 1704 incensa.

268 1735 524 1801 Nolam
569 1737 935 1803 Marcellus
987 1758 1125 1804 nou
1174 1739 1284 1803 sui
1333 1740 1551 1820 magis
1597 1740 1846 1806 fiducia
1900 1740 2225 1824 praesidii,
2278 1759 2481 1824 quam

266 1840 613 1908 voluntate
646 1841 1051 1925 principum,
1098 1841 1412 1906 habebat.
1498 1841 1752 1908 Plebes
1796 1844 2175 1919 timebatur,
2222 1849 2289 1907 et
2326 1851 2482 1908 ante

270 1962 507 2010 omnes
538 1943 619 2009 L.
653 1944 988 2023 BantiuS,¹
1025 1965 1227 2029 quem
1254 1965 1628 2010 consensus
1657 1954 1999 2012 attentatae
2031 1946 2434 2012 defectionis
2455 1954 2482 1992 ἢ

271 2066 356 2112 ac
388 2052 603 2112 metus
633 2068 676 2113 a
723 2055 1007 2132 praetore
1041 2049 1357 2113 Romano
1397 2068 1579 2113 nunc
1618 2048 1703 2113 ad
1738 2050 2179 2132 proditionem
2223 2051 2485 2132 patriae,

270 2168 472 2226 nunc,
504 2149 567 2214 si
595 2151 682 2216 ad
716 2151 787 2215 id
817 2153 1084 2215 fortuna
1115 2151 1494 2228 defuisset,³
1524 2151 1608 2216 ad
1641 2151 2208 2234 transfugiendum
2252 2154 2484 2218 stimu-

271 2251 484 2316 labat.
574 2253 737 2318 Erat
766 2255 1038 2338 juvenis
1069 2274 1247 2334 acer,
1276 2264 1344 2320 et
1372 2255 1704 2320 sociorum
1739 2275 1820 2320 ea
1852 2261 2242 2338 tempestate
2269 2275 2481 2338 prope

275 2355 796 2422 nobilissimus*
824 2377 1057 2442 eques.
1145 2359 1560 2422 Seminecem
1600 2377 1748 2422 eum
1776 2358 1862 2423 ad
1897 2357 2165 2421 Cannas
2195 2359 2263 2420 iu
2295 2376 2482 2422 acer-

274 2479 365 2524 vo
389 2479 719 2525 caesorum
749 2480 1102 2545 corporum
1128 2462 1473 2525 inventum
1496 2467 1934 2545 curatumque
1954 2460 2254 2542 benigne,
2275 2460 2480 2526 etiam

270 2582 427 2630 cum
478 2562 695 2641 donis,
728 2564 1076 2630 Hannibal
1109 2564 1381 2628 domum
1423 2564 1790 2627 remiserat.
1878 2562 1990 2626 Ob
2021 2562 2169 2645 ejus
2197 2564 2481 2644 gratiam

271 2667 487 2732 meriti
549 2686 691 2732 rem
754 2667 1090 2732 Nolanam
1155 2669 1222 2732 in
1265 2668 1382 2752 jus
1444 2667 1908 2750 ditionemque
1959 2666 2117 2730 dare
2178 2665 2482 2731 voluerat

271 2770 537 2836 Poeno:
583 2774 998 2855 anxiumque
1031 2790 1178 2835 eum
1209 2777 1272 2833 et
1301 2769 1639 2835 solicitum
1671 2788 1830 2833 cura
1853 2766 2146 2833 novandi
2168 2787 2276 2833 res
2305 2787 2480 2852 praa·

1186 2971 1246 2991 &O
1254 2972 1551 2992 OOOOOOOO

268 3103 429 3152 θην.
487 3101 610 3153 Vid.
652 3103 777 3154 Not.
816 3105 1074 3155 Van—18
1110 3105 1261 3170 Couj.
1293 3105 1434 3155 nuk.
1468 3107 1782 3169 μασι-19
1814 3103 1830 3131 ⁸
1850 3103 2070 3153 Honores
2087 3102 2171 3161 iis,
2192 3102 2274 3166 qui
2294 3117 2485 3153 remun-

264 3169 442 3218 :issem
481 3183 537 3220 ac
572 3168 782 3219 militare
818 3172 993 3222 tenens
1026 3187 1197 3225 seeum.
1233 3172 1470 3235 proponti!
1512 3170 1644 3219 Edd.
1676 3179 1798 3220 ante
1826 3169 2061 3219 Gronov.
2129 3168 2486 3218 Nostraeleet.

264 3231 449 3282 favent
474 3233 712 3282 meliores
734 3235 862 3285 Mss.
900 3238 996 3284 nisi
1023 3239 1159 3299 quod
1184 3238 1233 3285 in
1260 3238 1495 3285 omnibus
1518 3248 1596 3285 est
1618 3240 1944 3284 remanserant
1966 3243 2018 3282 et
2045 3233 2094 3282 iu
2122 3249 2221 3282 uno
2243 3249 2481 3282 remanse-

264 3298 393 3358 rint,
427 3311 523 3361 pro
546 3314 647 3361 qno
667 3307 963 3350 remunerent
987 3303 1069 3351 vel
1093 3317 1332 3351 remanere
1354 3301 1626 3356 legendum
1652 3301 1847 3349 mouuit
1871 3300 2034 3348 Grcn.
2115 3301 2358 3349 Ceterum
2384 3311 2484 3348 nec

268 3374 487 3424 nostre,
507 3378 605 3413 nce
624 3364 849 3428 vulgate
877 3367 997 3415 lect.
1016 3381 1308 3429 repugnare
1331 3377 1618 3428 temporum
1643 3368 1916 3426 rationem,
1934 3365 2203 3413 contendit
2232 3365 2483 3425 Deering.

267 3430 523 3478 adversus
546 3430 742 3479 Stroth.
767 3432 853 3493 qni
878 3432 997 3481 hinc
1023 3434 1218 3492 recepit
1241 3432 1362 3480 illud
1383 3434 1693 3479 remanserint
1719 3439 1771 3480 et
1797 3445 2069 3492 perperam
2094 3430 2394 3492 provocavit
2415 3429 2480 3478 ad

267 3495 433 3544 verba
458 3494 566 3544 cic.
591 3496 746 3545 Tusc.
783 3494 886 3546 Qu.
922 3512 975 3546 v.
1012 3502 1061 3546 7.
1132 3497 1324 3547 Xerxes
1344 3498 1591 3557 praemium
1622 3496 1863 3557 proposuit
1894 3497 1994 3557 (sc.
2018 3496 2081 3551 ei,
2102 3494 2235 3557 qnod
2262 3495 2325 3542 ab
2353 3496 2481 3542 Ern.

268 3567 328 3609 ut
350 3559 403 3609 11.
428 3560 462 3608 Ι.
486 3560 536 3607 in
562 3561 691 3609 Edd.
716 3570 844 3610 autt.
864 3562 946 3618 iis,
968 3563 1144 3625 adjici,
1165 3563 1254 3610 sed
1276 3562 1565 3622 elegantius
1585 3560 1771 3612 omitti.
1792 3559 1982 3607 docent
1998 3559 2163 3608 Grcu.
2182 3567 2234 3606 et
2251 3557 2477 3621 Stroth.)

268 3625 357 3690 qui
378 3625 632 3675 §uenisset
656 3641 822 3675 notum
843 3626 1161 3692 voluptatem!
1197 3627 1556 3689 &mern—2⁰
1590 3623 1674 3672 ΑΙ.
1717 3625 1822 3673 Nec
1857 3639 1911 3672 ea
1945 3628 2159 3685 spes-l
2199 3623 2344 3685 Conj.
2373 3623 2483 3671 Ru-

270 3698 414 3760 pert.
451 3691 785 3742 Μῶα-2
823 3692 1117 3756 Legeuduin
1157 3701 1333 3744 ruonet
1371 3692 1424 3743 J.
1466 3691 1522 3742 F.
1559 3689 1794 3740 Gronov.
1827 3689 2114 3739 conscientia
2147 3692 2345 3738 tentam
2365 3690 2482 3736 a.—

1274 3852 1494 3904 NOTAE

337 3960 364 3986 0
396 3953 536 4003 Petit
555 3952 836 4017 Nuceriam]
867 3954 1164 4018 Campania·
1189 3955 1338 4020 cppi·
1422 3953 1578 4014 vulgo
1617 3952 1803 4002 Nocere
1833 3953 1948 4002 aeui
1978 3951 2153 4015 pagani
2173 3967 2191 4000 .-
2225 3950 2299 3999 sic
2339 3948 2483 4000 dicta

271 4030 396 4082 dnm
410 4029 569 4093 juxta
591 4029 806 4080 Sarnurn
824 4044 1026 4080 amnem
1046 4038 1183 4079 trans
1202 4030 1339 4080 Nea·
1421 4029 1560 4094 quod
1595 4029 1865 4079 San-tacent
1908 4043 2020 4077 earn
2059 4028 2149 4077 diu
2188 4028 2486 4090 tenuerint3

273 4107 436 4171 polim
474 4113 530 4154 et
556 4106 840 4158 Vesuvium
877 4112 1120 4166 montem,
1156 4120 1338 4156 novem
1422 4105 1487 4155 ad
1515 4105 1792 4154 discrimen
1822 4104 2034 4153 alterius
2060 4104 2325 4163 Nuceriae‚
2368 4119 2483 4163 qum

271 4183 503 4234 millibus
537 4196 568 4231 a
599 4184 763 4234 mari:
799 4181 1053 4244 Alfaterna
1078 4183 1337 4246 cognomi·
1422 4182 1474 4231 in
1496 4181 1729 4231 Umbria.
1796 4180 1896 4232 Illa
1919 4181 2071 4230 hodie
2101 4181 2334 4230 Dueatus
2351 4181 2485 4229 Bar·

272 4274 361 4326 ne,
392 4264 606 4308 auctore
635 4257 869 4308 Diodoro
902 4258 1077 4308 Siculo
1112 4257 1200 4308 lib.
1224 4270 1342 4307 xix.
1422 4257 1735 4320 heduorum,
1759 4256 1813 4308 in
1837 4255 2140 4322 Principem
2164 4256 2423 4307 citeriore.
2469 4271 2494 4304 .·

406 4340 589 4403 υειριι.
618 4346 668 4390 et
700 4339 815 4391 rar.
837 4340 968 4390 ctu.
1263 4339 1452 4389 uvius.
2233 4343 2265 4387 c
2300 4338 2351 4387 K
