3025 4892
593 339 767 446 1846
1539 393 1608 445 τ.
1658 393 1841 444 mvn

593 539 901 606 consules
930 536 1187 623 imperii
1217 542 1532 623 potentes
1560 538 1743 616 fecit,
1794 557 1945 604 cum
1975 537 2258 604 ambitio
2289 536 2569 606 alterius
2599 545 2789 602 suam

595 643 879 728 primum
936 641 1120 727 apud
1177 659 1301 706 eos
1355 660 1567 725 prava
1640 640 2057 724 indulgentia
2077 649 2106 692 ⁹
2168 639 2589 726 majestatem
2654 639 2789 705 sol-

593 746 853 813 visset.⁸
1612 789 1619 796 ι

679 849 789 914 43.
835 846 1209 932 Hannibal,
1243 855 1605 933 postquam
1633 854 1859 914 motos
1884 848 2096 933 magis
2125 845 2500 913 inconsulte
2533 843 2788 909 Roma-

594 971 742 1030 noS,
772 969 971 1037 quam
1001 950 1088 1016 ad
1115 951 1421 1017 ultimum
1436 956 1697 1017 temere
1736 958 2033 1030 evectos,
2064 950 2273 1031 vidit3
2314 948 2790 1032 nequicquam,

593 1055 862 1121 detecta
888 1052 1210 1131 fraude,¹0
1182 1055 1245 1091 ο*
1290 1054 1358 1119 in
1385 1062 1604 1120 castra
1631 1054 1847 1120 rediit.
1936 1053 2048 1119 Ibi
2074 1053 2307 1137 plures
2338 1052 2489 1116 dies
2521 1055 2790 1135 propter

591 1158 886 1243 inopiam
932 1156 1242 1222 frumenti
1287 1175 1551 1221 manere
1595 1155 1963 1241 nequibat3
2019 1169 2338 1239 novaque
2388 1153 2681 1220 consilia
2722 1155 2789 1218 in

591 1262 744 1328 dies
774 1281 906 1327 non
933 1259 1117 1344 apud
1144 1260 1387 1325 milites
1415 1260 1659 1338 solum,
1691 1258 1939 1325 mixtos
1964 1280 2054 1325 ex
2086 1257 2467 1325 colluvione
2496 1259 2789 1322 omnium

595 1365 913 1447 gentium,
944 1362 1069 1429 sed
1098 1363 1299 1429 etiam
1332 1361 1567 1447 apud
1547 1380 1775 1448 ipsum
1810 1361 2074 1442 ducem,
2114 1361 2521 1428 oriebantur.
2614 1358 2788 1426 Nam

592 1487 747 1532 cum
775 1466 967 1531 initio
997 1465 1320 1544 fremitus,
1350 1463 1586 1530 deinde
1610 1471 1842 1549 aperta
1868 1465 2263 1530 vociferatio
2283 1461 2523 1529 fuisset
2548 1481 2790 1546 expos-

592 1571 885 1637 centium
914 1568 1316 1654 stipendium
1356 1569 1677 1648 debitum,
1710 1568 2267 1654 querentiumque
2295 1585 2631 1634 annonam
2660 1568 2788 1651 pri·

592 1693 728 1751 mo,
775 1679 1114 1758 postremo
1160 1671 1401 1737 famem
1422 1684 1486 1752 ς·
1552 1679 1622 1735 et
1666 1670 2123 1737 mercenarios
2177 1670 2443 1748 milites,
2500 1673 2788 1736 maxime

505 1861 512 1866 ι
594 1774 894 1859 Hispani
951 1774 1231 1858 generis,
1285 1773 1367 1839 de
1427 1774 1822 1841 transitione
1873 1774 2142 1860 cepisse
2202 1772 2565 1840 consilium
2616 1772 2791 1839 fama

591 1886 814 1943 esset:
859 1878 1012 1961 ipse
1052 1879 1253 1943 etiam
1297 1875 1629 1942 interdum
1676 1876 2019 1943 Hannibal
2061 1876 2147 1943 de
2190 1876 2351 1959 fuga
2383 1875 2453 1940 in
2487 1874 2788 1942 Galliam

591 1979 835 2045 dicitur
874 1980 1186 2064 agitasse,
1233 1981 1328 2046 ita
1368 1988 1466 2059 ut,
1497 1981 1734 2046 relicto
1773 1979 2076 2065 peditatu
2117 1979 2321 2060 omni,
2347 1998 2505 2046 cum
2548 1981 2789 2065 equiti·

591 2083 785 2148 bus¹¹
818 2103 891 2148 se
920 2084 1307 2169 proriperet.
1396 2083 1571 2150 Cum
1614 2084 1762 2151 baec
1810 2084 2098 2151 consilia
2145 2089 2349 2169 atque
2376 2081 2487 2149 hic
2520 2082 2787 2148 habitus

590 2185 956 2251 animorum
985 2191 1164 2252 esset
1189 2186 1256 2250 in
1286 2186 1557 2266 castris,
1584 2205 1855 2253 movere
1888 2185 2043 2252 inde
2074 2186 2336 2262 statuit,
2364 2185 2434 2251 in
2462 2185 2787 2252 calidiora

589 2295 791 2373 atque
835 2308 918 2354 eo
961 2288 1321 2355 maturiora
1364 2290 1693 2356 messibus
1736 2289 2012 2375 Apuliae
2054 2290 2254 2372 loca3
2298 2287 2503 2354 simul
2544 2293 2638 2368 ut,
2662 2307 2788 2372 quo

588 2391 851 2475 long-ius
875 2398 928 2430 ¹²
954 2391 1039 2457 ab
1071 2390 1263 2457 hoste
1291 2392 1713 2470 recessisset,
1760 2391 2138 2477 uansfugia
2164 2390 2603 2477 impeditiora
2630 2392 2785 2457 levi·

590 2493 720 2559 bus
747 2495 1025 2577 ingeniis
1067 2495 1336 2560 essent!
1424 2494 1779 2562 Profectus
1810 2501 1918 2562 est
1942 2502 2170 2574 nocte,
2196 2493 2466 2578 ignibus
2495 2494 2787 2559 similiter

588 2594 809 2674 sactis,
837 2596 1427 2682 tabernaculisque
1458 2598 1697 2684 paucis
1728 2599 1799 2663 in
1830 2598 2133 2685 speciem
2162 2595 2433 2674 relictis,
2462 2600 2540 2660 ut
2568 2595 2783 2661 iusidi-

592 2716 775 2764 arum
807 2718 934 2784 par
958 2699 1166 2785 priori
1195 2707 1408 2765 metus
1437 2700 1811 2767 contineret
1838 2697 2219 2766 Romanos.
2278 2697 2444 2776 Sed,
2478 2717 2604 2782 per
2630 2717 2781 2763 eun·

597 2801 750 2867 dem
798 2802 1143 2868 Lucanum
1189 2799 1555 2883 Statilium,
1603 2803 1910 2868 omnibus
1964 2804 2139 2868 ultra
2187 2809 2417 2867 castra
2467 2809 2776 2885 transque

588 2911 850 2970 montes
890 2905 1287 2989 exploratis,
1328 2926 1481 2971 cum
1519 2905 1809 2972 relatum
1859 2911 2059 2984 esset,
2096 2904 2319 2972 visum
2366 2905 2610 2987 procul
2634 2903 2775 2969 bos·

465 3101 474 3108 ,
591 3007 753 3073 tium
785 3027 1064 3091 agmen,
1045 3029 1062 3046 ·
1108 3015 1254 3074 tum
1285 3009 1370 3073 de
1399 3007 1813 3093 insequendo
1844 3028 1930 3074 eo
1956 3006 2244 3074 consilia
2270 3006 2510 3090 agitari
2541 3011 2773 3091 coepta.

653 3187 894 3254 ’Effecit
918 3193 974 3239 ut
993 3190 1219 3248 conules,
1242 3205 1437 3255 quoram
1459 3192 1585 3241 alter
1604 3189 1857 3242 ambitione
1876 3196 2018 3255 atque
2035 3204 2185 3255 praua
2205 3188 2514 3251 indulgenti«
2532 3189 2769 3240 aarum·

588 3257 837 3369 &santum
855 3254 909 3305 ia
927 3255 1102 3305 milites
1115 3256 1358 3322 astiterat,
1378 3254 1567 3319 eisjan
1587 3257 1817 3322 nuperae-e
1837 3261 2049 3321 possen,
2069 3269 2237 3319 mque
2258 3253 2486 3305 haberent
2504 3255 2631 3305 dieto
2648 3254 2768 3304 adi·

655 3384 783 3434 ‘Et
806 3384 1190 3449 conquerentium
1209 3385 1367 3450 prino
1388 3385 1652 3449 qrddende
1683 3390 1970 3438 mmmm
2001 3384 2281 3451 diffie-lta&
2313 3389 2459 3448 atque
2485 3382 2652 3447 inopia,
2672 3388 2765 3431 ta·

585 3445 1225 3582 dergtwgudm’
1204 3514 1390 3577 ιἰιεωίἰ
1410 3514 1884 3568 transire-dm
1913 3514 2104 3573 uum,
2135 3513 2381 3581 dffleilinc
2413 3513 2760 3578 maen

587 3579 912 3644 cranmere.

1506 3659 1771 3683 ΟΟΟΟΟΟΟ
1774 3659 1865 3682 m

586 3772 792 3824 cedenti
815 3780 870 3824 et
890 3773 1164 3839 sequenti!
1182 3773 1297 3824 Jac.
1317 3774 1528 3825 Gronov.
1530 3777 1628 3824 ——8
1661 3773 1962 3826 Denuntio&
1981 3771 2116 3825 Edd.
2133 3775 2257 3823 ante
2274 3772 2508 3825 Crevier.
2509 3775 2602 3823 -9
2626 3767 2758 3832 conj·

586 3840 1185 3956 Ruffiertvffim
1202 3838 1688 3970 memma?
1701 3901 1974 3957 redolent!
2015 3903 2378 3966 nmine-n
2418 3904 2537 3955 Can
2571 3900 2757 3967 qiud·

1590 4050 1805 4102 No'rAE

645 4147 664 4179 ⁸
699 4144 1037 4210 Nequiquam,
1050 4147 1236 4197 duecte
1247 4146 1450 4212 frende]
1473 4147 1640 4199 Immo
1718 4162 1834 4213 quae
1856 4147 2086 4199 demere
2100 4145 2335 4215 fuerant,
2349 4148 2566 4201 rediisse
2582 4141 2755 4198 nana·

584 4221 785 4273 utiliter
806 4221 1017 4273 detecta
1035 4221 1180 4273 fraus
1204 4239 1237 4273 a
1262 4224 1504 4274 Romanis
1525 4223 1640 4275 fue·
1720 4224 1891 4278 balam
1914 4238 1972 4276 re
1993 4222 2206 4277 insecta.

585 4305 682 4350 rat.
723 4297 830 4349 Sed
854 4298 982 4357 vult,
1006 4298 1191 4364 positis
1213 4297 1406 4351 frustra
1421 4299 1641 4365 insidiis,
