3025 4892
874 357 1084 406 maai
1138 358 1282 409 xx,
1332 358 1980 413 suppnnmswrun.
2367 348 2536 414 1625

310 498 420 559 Μ’.
455 498 526 559 F.
552 499 665 559 Μ’.
695 497 784 560 N.
816 499 1095 564 Mathoni
1138 503 1426 566 Sardoum
1455 507 1718 567 obvenit.
1803 506 1959 567 Cum
2002 507 2208 567 horum

305 607 573 658 motuum
615 619 796 660 causa
836 620 1014 681 penes
1049 601 1567 682 Carthaginienses
1601 625 1724 664 esse
1760 604 2077 675 diceretur,
2105 606 2209 684 qui

307 696 590 755 barbaros
630 696 710 755 ad
743 696 1134 758 defectionem
1162 701 1400 760 secretis
1425 703 1647 761 nuntiis
1671 700 1999 771 allicerent,
2030 699 2208 779 legati

308 794 470 853 missi
494 803 631 853 sunt
656 793 1075 873 Carthaginem
1102 815 1239 855 cum
1268 798 1487 877 asperis
1515 797 1828 868 mandatis,
1859 799 1961 876 qui
1990 798 2209 878 stipen-

307 891 474 950 dium
514 888 866 969 exigerent,⁶
906 900 1083 970 atque
1109 891 1313 951 insulis
1344 893 1423 953 ad
1449 892 1760 953 Romanos
1786 895 2215 974 pertinentibus

308 988 590 1047 abstineri
618 988 919 1066 juberent,
946 988 1093 1048 belli
1134 990 1307 1049 minis
1342 989 1584 1060 additis,
1620 992 1683 1049 ni
1721 991 2006 1100 imperata
2039 990 2212 1050 fecis-

304 1093 458 1144 sent.
539 1083 680 1143 Jam
707 1104 784 1144 ex
825 1086 1004 1166 priori
1029 1085 1372 1146 calamitate
1399 1087 1556 1146 vires
1592 1095 1655 1145 et
1679 1088 1940 1146 animum
1978 1107 2211 1169 recepe-

306 1189 445 1241 rant
461 1180 662 1252 Poeni,
686 1179 1058 1242 Hamilcaris
1074 1184 1331 1242 maxime
1347 1182 1634 1242 industria
1652 1203 1769 1242 non
1789 1183 1966 1242 modo
1985 1185 2214 1266 pacatis
2240 1179 2536 1294 V13122·etp·

307 1278 543 1338 Africae
586 1278 839 1359 populis,
867 1279 970 1358 qui
1013 1299 1051 1338 a
1076 1279 1659 1358 Carthaginiensibus
1690 1279 2081 1350 desciverant,
2109 1278 2214 1340 aed
2239 1310 2327 1359 Ed
2359 1312 2395 1359 l.
2411 1325 2539 1358 xxv

306 1377 493 1436 etiam
518 1373 695 1435 latius
720 1383 987 1456 promota
1020 1375 1264 1448 ditione,
1301 1395 1632 1456 magnoque
1649 1378 1780 1455 jam
1822 1377 1880 1435 in
1911 1375 2216 1457 Hispania
2272 1374 2442 1440 Polyb.
2455 1375 2538 1421 fin.

308 1472 559 1554 imperio
593 1493 698 1552 per
723 1472 974 1533 eundem
1001 1472 1214 1533 ducem
1239 1483 1428 1555 parto.
1518 1471 1735 1554 Itaque
1762 1482 1888 1532 tum
1915 1472 1992 1532 ad
2015 1481 2216 1533 cetera
2238 1439 2388 1554 lcorn
2392 1500 2540 1565 ,Nep.

306 1570 586 1630 ferociter
603 1569 810 1647 legatis
834 1589 1171 1650 responsum
1197 1580 1305 1640 est,
1327 1579 1453 1629 tum
1478 1570 1683 1641 etiam,
1711 1589 1848 1630 cum
1869 1568 1984 1640 illi,
2006 1589 2213 1650 quem·
2240 1571 2292 1618 iu
2314 1568 2525 1619 Hamilc.

311 1667 632 1728 admodum
677 1668 738 1725 in
788 1665 1082 1726 mandatis
1126 1666 1447 1738 habebant,
1494 1667 1728 1727 hastam
1771 1665 2217 1746 caduceumque
2241 1636 2392 1685 2⁰³³*

310 1764 770 1846 proposuissent,
816 1762 959 1822 data
1010 1763 1216 1823 Poenis
1260 1764 1542 1844 optione,
1571 1772 1766 1823 utrum
1813 1763 2062 1823 mallent
2105 1762 2215 1822 eli-

310 1863 527 1943 gendi3
574 1873 591 1900 ‘
622 1873 891 1924 neutrum
917 1883 977 1924 se
1006 1863 1228 1942 legere'
1253 1866 1681 1926 succlamatum
1706 1875 1815 1936 est,
1846 1875 1863 1902 ‘
1889 1866 1994 1926 sed
2020 1875 2217 1928 utrum

310 1961 562 2024 mallent
600 1961 713 2042 ipsi
755 1960 934 2041 legati
972 1961 1392 2042 relinquerent,
1420 1983 1594 2043 aequo
1620 1964 1819 2023 animo
1850 1964 2219 2044 accepturis?

314 2057 470 2118 Inde
512 2056 759 2137 flagrare
801 2058 994 2119 denuo
1035 2069 1341 2140 coeperunt
1381 2061 1535 2119 inter
1570 2047 1736 2119 duos⁶
1758 2061 2010 2141 populos
2044 2061 2218 2121 odia:

310 2154 419 2215 sed
455 2164 662 2215 neutro
704 2154 928 2215 bellum
967 2155 1161 2216 adhuc
1198 2156 1457 2237 incipere
1500 2157 1760 2228 volente,
1802 2157 2029 2236 species
2073 2158 2221 2217 ami-

310 2254 496 2324 citiae,
542 2253 728 2332 magis
772 2252 916 2332 quia
949 2270 1066 2313 non
1106 2252 1464 2324 bellabatur,
1506 2273 1688 2333 quam
1731 2250 1892 2333 quod
1938 2252 2061 2313 fida
2101 2274 2221 2334 pax

314 2359 492 2420 esset,
518 2352 745 2409 interea
769 2351 977 2410 tenuit.

398 2455 497 2508 18.
542 2446 750 2506 Ambo
793 2446 1007 2507 deinde
1047 2448 1315 2508 consules
1360 2448 1435 2507 ad
1478 2448 1687 2507 urbem
1722 2445 1960 2516 reversi,
1986 2463 2121 2504 cum
2148 2443 2223 2503 de

315 2545 490 2603 rebus
529 2564 567 2604 a
606 2564 669 2604 se
704 2544 880 2623 gestis
903 2543 1327 2616 disseruissent,
1353 2544 1717 2624 triumphum
1745 2544 2224 2623 impetraverunt.

316 2641 400 2709 Q.
431 2641 659 2701 Fabius
699 2640 914 2701 multos
950 2641 1232 2720 Ligurum
1257 2644 1314 2701 in
1345 2641 1549 2723 praelio
1574 2640 1897 2709 occiderat,
1924 2645 2222 2716 coegerat-
2279 2655 2410 2704 Plut.
2435 2652 2552 2704 Fab.

316 2759 433 2819 que
470 2739 730 2819 reliquos
766 2739 825 2798 in
869 2738 1249 2819 Alpestribus
1290 2738 1437 2799 locis
1475 2757 1539 2797 se
1566 2737 1888 2808 continere,
1916 2744 2226 2814 tutumque
2248 2734 2293 2771 ⁰·
2319 2723 2369 2768 ⁸·
2517 2747 2530 2756 ·

316 2839 393 2897 ab
436 2838 676 2897 illorum
718 2838 1042 2897 latrociniis
1086 2837 1347 2898 vicinum
1403 2835 1605 2897 Italiae
1660 2836 1814 2895 latus
1867 2832 2223 2894 reddiderat.
2249 2829 2544 2911 Fmic'tapit.

319 2933 450 2994 Hic
499 2943 636 2994 ante
691 2931 894 2994 diem⁷
951 2933 1258 2994 Kalendas
1312 2933 1667 2993 Februarias
1716 2930 2104 3011 triumphavit
2153 2929 2230 2988 de
2252 2914 2521 3028 vssuffiuff’

318 3030 652 3110 Liguribus.
754 3030 963 3091 Idibus
1001 3027 1215 3089 deinde
1266 3030 1504 3090 Martiis
1550 3029 1661 3089 M’.
1706 3028 2077 3108 Pomponius
2126 3027 2229 3085 tri-
2255 3043 2554 3109 Fasticapit.

319 3129 607 3208 umpbum
647 3127 822 3187 duxit
862 3127 937 3186 de
982 3125 1207 3197 SardiS‚
1247 3148 1396 3207 quos
1435 3129 1677 3187 vicerat.
1764 3123 1987 3203 Neque
2031 3132 2229 3183 tamen

319 3222 595 3306 destitere
635 3223 796 3284 bello
826 3222 1024 3294 Sardi,
1052 3223 1155 3282 sed
1185 3221 1394 3283 irritati
1419 3224 1616 3303 potius
1639 3220 1871 3280 damnis
1903 3220 2021 3278 suis
2053 3238 2232 3297 quam
2254 3260 2425 3308 zon„-

320 3320 521 3391 fracti,
547 3321 754 3400 majori
782 3319 935 3380 mole
962 3320 1347 3380 rebellionem
1378 3320 1792 3379 instaurarunt.
1879 3316 2082 3375 Ambo
2120 3316 2230 3393 igi-

322 3426 416 3477 tur
440 3418 714 3478 consules
740 3418 833 3476 M.
862 3417 1139 3477 AEmilius
1169 3415 1260 3475 M.
1288 3416 1358 3476 F.
1383 3416 1476 3476 M.
1501 3414 1591 3475 N.
1625 3413 1907 3494 LepiduS,
1938 3411 2030 3471 M.
2060 3411 2232 3472 Pub*

327 3514 497 3575 licius
544 3514 613 3574 L.
644 3514 715 3575 F.
746 3514 814 3574 L.
844 3512 936 3574 N.
973 3512 1334 3573 Malleolus⁶
1377 3514 1436 3572 in
1481 3511 1816 3572 Sardiniam
1851 3509 2032 3580 missi,
2072 3529 2233 3586 mag·
2260 3525 2430 3574 zonat.

328 3632 463 3672 nam
506 3632 587 3672 ex
625 3632 700 3672 ea
739 3612 933 3672 insula
974 3611 1233 3693 praedam
1278 3619 1558 3689 coegere:
1603 3630 1782 3691 quam
1822 3607 2059 3678 deinde,
2102 3625 2236 3667 cum

332 3711 390 3770 in
418 3710 726 3771 Corsicam
754 3711 1227 3781 transmisissent,
1257 3717 1523 3789 ereptam
1550 3728 1588 3767 a
1615 3707 1815 3768 Corsis
1836 3706 2172 3765 amiserunt.
2295 3767 2449 3834 Polyb
2504 3781 2565 3816 n·

412 3815 513 3868 19.
559 3806 740 3867 Domi
785 3827 1021 3888 quoque
1070 3806 1443 3866 vehementer
1489 3825 1562 3864 eo
1610 3813 1870 3884 tempore
1914 3802 2236 3872 turbatum›
2264 3839 2347 3885 21.

401 4028 434 4075 6
467 4023 602 4075 Edd.
626 4030 747 4075 ante
770 4025 924 4076 (ἷκεν.
948 4040 1039 4089 qao
1057 4025 1345 4090 stipendium
1366 4025 1634 4088 exigerent.

402 4093 435 4138 7
469 4091 604 4143 Edd.
629 4100 752 4142 ante
776 4091 930 4142 Crev.
967 4091 1053 4141 Sic
1072 4096 1182 4141 unte
1204 4092 1346 4152 diem.

1278 4215 1630 4240 ΟΟΝΟΝΜΟ

1106 4305 1127 4331 ⁶
1161 4296 1227 4348 Α.
1253 4295 1321 4347 U.
1348 4296 1413 4348 C.
1434 4299 1551 4348 520.
1590 4294 1653 4345 Α.
1680 4292 1738 4347 C·
1756 4294 1873 4345 2³2.

477 4375 650 4442 Delpk.
669 4382 719 4428 et
749 4379 867 4430 Var-
884 4375 1016 4429 Clas.
1094 4426 1107 4433 ,
1361 4376 1550 4427 Livius·
2338 4371 2367 4419 5
2399 4370 2442 4419 P
