3025 4892
886 347 1092 400 mam
1139 348 1323 400 mn.-
1356 348 2009 405 suffusum-run.
2351 338 2555 427 ‚1455

328 494 720 575 suspicio-em
744 511 1144 576 rumoremque
1163 495 1407 569 fecerat,
1435 495 1676 579 Appius
1701 497 2008 571 Claudius,
2034 498 2114 560 ob
2136 517 2227 559 se-
2272 495 2378 574 pie.
2402 497 2521 547 Phi·

334 601 568 653 nectam
594 600 656 652 et
677 592 1002 653 caecitatem
1016 593 1481 654 abstinerecuria
1503 593 1646 656 olim
1670 594 1895 666 solitus,
1920 595 2227 656 confestim
2250 562 2372 628 ¹¹9¹*
2395 579 2432 610 ι’
2456 568 2506 613 ⁵⁶

332 689 393 748 in
436 697 705 751 senatum
744 709 808 749 se
847 686 1061 749 deferri
1088 687 1301 751 lectica
1314 692 1528 768 jussit:
1570 692 1670 753 ubi
1694 701 2068 772 conspectum
2094 713 2229 773 pro-

331 785 490 846 tinus
511 794 871 867 exceperunt
895 785 1005 846 filii
1029 788 1362 867 generique,
1392 788 1737 868 honorisque
1762 798 1825 849 et
1849 787 2023 849 officii
2046 807 2227 849 causa

328 881 668 943 circumfusi
682 882 1052 943 deduxerunt
1064 883 1142 944 ad
1156 885 1347 946 locum
1362 884 1635 966 dignitati
1648 887 1777 964 ejus
1789 896 2222 965 cong-ruentem.
2248 892 2376 942 Plut.

411 984 513 1038 32.
560 979 681 1050 lbi,
708 999 843 1040 cum
869 980 1048 1061 ipsius
1086 981 1171 1040 rei
1200 982 1483 1053 novitate,
1511 991 1636 1042 tum
1662 983 1987 1043 reverentia
2011 983 2121 1042 viri
2147 983 2225 1042 si-

330 1075 588 1137 lentibus
625 1077 915 1147 omnibns,
957 1078 1518 1159 expectantibusque
1560 1080 1732 1159 cujus
1772 1079 1858 1139 rei
1887 1098 2067 1138 causa
2090 1082 2225 1159 pos't
2364 1155 2379 1169 .

330 1171 499 1250 longi
534 1173 810 1253 temporis
851 1171 1290 1234 desuetudinem
1331 1183 1597 1235 senatum
1638 1175 1920 1254 ingressus
1944 1183 2116 1245 esset,
2143 1176 2221 1235 ab
2244 1156 2543 1272 ἓῶξᾙ·Ῥ

326 1268 700 1330 incommodo
740 1268 1093 1330 valetudinis
1116 1289 1399 1343 exorsus,
1441 1280 1460 1308 ‘
1488 1271 1603 1331 sibi
1651 1270 1890 1351 quidem
1943 1271 2224 1331 hactenus
2365 1251 2382 1269 ⁹
2430 1237 2544 1271 ω’

333 1364 641 1425 molestam
667 1365 845 1427 subse
870 1367 1227 1428 caecitatem’
1254 1368 1444 1429 dixit:
1487 1377 1505 1402 ⁸
1527 1387 1678 1428 nnnc
1695 1376 1890 1427 autem
1908 1387 2023 1429 non
2046 1367 2221 1428 modo

329 1459 435 1522 illa
459 1461 765 1534 delectari,
792 1484 865 1524 ne
890 1484 1024 1543 quoe
1048 1463 1254 1526 fierent
1276 1464 1523 1536 videret,
1538 1464 1644 1524 sed
1667 1464 1844 1524 etiam
1870 1483 2020 1543 aegre
2047 1464 2218 1536 ferre,

326 1558 488 1637 qnod
518 1578 688 1620 sures
705 1559 961 1620 nondum
979 1561 1433 1633 obsurduissent,
1449 1581 1523 1621 ne
1548 1571 1671 1621 tam
1695 1560 1853 1622 foeda
1864 1569 1927 1620 et
1943 1560 2220 1622 Romano

327 1656 560 1716 nomine
587 1655 825 1736 indigna
849 1657 1049 1718 audire
1075 1667 1393 1738 cogeretur.
1459 1658 1603 1725 Quo
1625 1658 1780 1718 enim
1806 1658 1974 1718 vobis
1998 1667 2220 1718 mentes

324 1750 444 1811 inae
468 1754 802 1814 cesserunt?
841 1775 960 1835 quo
1002 1754 1329 1815 reciderunt
1369 1755 1644 1836 spiritus?
1687 1753 1866 1814 Certe
1906 1773 2027 1835 prae
2052 1755 2220 1814 vobis
2271 1767 2399 1847 ξζιιη.
2436 1784 2516 1845 sp.

323 1846 473 1908 fene
499 1848 799 1921 solebatis,
823 1869 959 1911 eum
984 1850 1317 1912 Alexandri
1365 1850 1714 1912 Macedonis
1743 1849 2009 1929 gloriam,
2036 1860 2104 1910 ut
2129 1851 2218 1911 in-
2238 1830 2347 1948 4‘3210·
2363 1833 2542 1900 Mm-

323 1945 471 2005 victi
495 1946 669 2025 regis,
696 1946 977 2008 celebrari
1004 1947 1304 2018 audiretis,
1335 1967 1449 2008 non
1491 1956 1617 2007 tam
1654 1947 1856 2007 virtuti
1880 1949 2010 2027 ejus
2035 1967 2214 2028 quam
2238 1933 2375 2013 Plut.

322 2041 597 2103 felicitati
622 2043 839 2104 samam
867 2045 1047 2105 istam.
1063 2044 1464 2127 imputandam
1494 2064 1654 2104 esse:
1697 2064 1834 2104 nam
1859 2045 1909 2104 si
1936 2042 2215 2105 Romana

321 2138 381 2198 in
424 2138 589 2199 bella
628 2139 859 2200 fortuna
901 2142 1089 2222 ipsum
1126 2140 1467 2222 impuliaeet,
1508 2140 1691 2203 alium
1734 2141 1904 2220 longe
1944 2150 2214 2202 eventum

321 2237 587 2298 futurum
626 2237 825 2309 subse,
853 2238 1146 2319 aliamque
1187 2239 1263 2299 de
1297 2259 1371 2299 eo
1396 2238 1557 2320 apud
1584 2240 1842 2299 homines
1866 2239 2215 2320 opinionem.

322 2333 417 2394 At
440 2355 599 2395 nnnc
624 2343 907 2416 quantum
936 2335 1013 2395 ab
1040 2335 1150 2395 ista
1164 2344 1358 2396 vestra
1373 2337 1851 2414 magnanimitate
1867 2333 2232 2404 defeceritis,‘

320 2431 608 2512 respicite.
694 2431 1125 2493 Macedonibus
1147 2433 1469 2514 superiores
1497 2452 1606 2491 vos
1630 2431 1859 2491 futuros
1876 2428 2214 2492 confideba-

320 2527 430 2587 tis:
474 2538 540 2588 at
566 2548 719 2589 nunc
746 2528 1037 2589 Molossos
1049 2537 1112 2589 et
1136 2528 1434 2599 Chaonas,
1450 2536 1790 2609 perpetuam
1818 2524 2214 2587 Macedonum

321 2623 603 2705 praedam,
630 2626 903 2686 metuitis.
958 2623 1371 2686 Alexandrum
1394 2623 1886 2685 contemnebatis:
1930 2640 2084 2683 nunc
2106 2642 2213 2681 ex-

321 2722 635 2801 pavescitis
674 2722 996 2803 Pyrrhum,
1022 2741 1095 2781 ne
1139 2721 1318 2802 ipsius
1340 2719 1579 2800 quidem
1607 2716 1965 2789 Alexandri,
1989 2716 2095 2777 sed
2118 2737 2213 2777 sa-

324 2817 532 2878 tellitis
555 2820 705 2897 ejus,
732 2818 1081 2879 satellitem:
1123 2819 1225 2899 qui
1265 2817 1494 2896 fugiens
1535 2815 1728 2898 potins
1750 2824 1976 2876 veteres
1999 2814 2213 2886 hostes,

322 2935 500 2994 qnam
526 2935 792 2996 quaerens
816 2935 1017 2986 novos,
1046 2916 1105 2975 in
1133 2912 1375 2975 Italiam
1390 2913 1656 2994 trajecit:
1699 2911 2117 2993 quibus'copiis
2141 2931 2214 2971 ne

322 3012 625 3073 minimam
651 3013 889 3093 quidem
916 3011 1287 3074 Macedoniae
1328 3019 1552 3092 partem
1594 3011 1837 3070 retinere
1878 3009 2091 3089 potuit,
2117 3009 2213 3068 iis·
2279 3070 2291 3079 ,

319 3107 478 3181 dem,
505 3110 557 3169 si
584 3109 722 3170 Diis
743 3108 964 3192 placet,
991 3110 1295 3191 imperium
1321 3106 1614 3167 Romanis
1627 3125 1861 3186 quoque
1888 3112 2214 3186 peremtus.

396 3212 498 3268 33.
546 3216 563 3242 ‘
596 3205 784 3268 Hunc
811 3208 985 3287 igitur
1027 3206 1137 3266 nisi
1177 3204 1380 3285 grandi
1418 3202 1733 3264 infortunio
1758 3210 2077 3262 mactatum
2100 3197 2210 3279 eji-

318 3302 527 3375 cimus,
552 3313 778 3364 certum
803 3304 1144 3374 habeamus,
1171 3302 1319 3362 alios
1331 3299 1625 3381 quoslibet
1639 3299 1846 3358 merito
1868 3295 2046 3357 nostri
2070 3288 2244 3355 con-⁸

319 3408 533 3474 temtu,
556 3411 840 3480 tanquam
882 3400 960 3461 ad
997 3409 1260 3481 pmtam
1303 3396 1583 3479 praedam,
1611 3395 1697 3455 ita
1737 3396 1795 3455 in
1838 3391 2081 3452 Italiam
2104 3411 2209 3452 cu·

320 3497 453 3577 pide
482 3506 761 3558 venturos
786 3517 927 3557 esse.
1011 3494 1177 3562 Quid
1217 3495 1373 3555 enim
1415 3491 1579 3553 aliud
1618 3491 1693 3551 de
1735 3490 1902 3551 nobis
1932 3506 2110 3569 quam
2135 3486 2209 3546 de

321 3594 655 3656 bominibus
679 3594 1061 3673 ignavissimis
1074 3592 1335 3673 judicari
1351 3591 1585 3673 poterit,
1604 3590 1654 3648 si
1669 3587 1960 3668 Pyrrhus,
1979 3586 2038 3645 in
2064 3582 2210 3644 ami-

320 3690 521 3752 citiam
547 3700 837 3772 receptus,
863 3692 1041 3751 etiam
1080 3690 1385 3771 praemium
1415 3685 1630 3748 referat
1655 3683 1837 3744 illatae
1862 3682 2028 3741 nobis
2052 3682 2215 3758 igno-

321 3789 538 3857 miniae.
580 3787 742 3869 quod
783 3790 913 3868 ejus
952 3806 1130 3868 opera
1170 3785 1390 3846 factum
1431 3784 1530 3855 sit,
1558 3790 1625 3841 ut
1665 3778 1995 3840 Tarentinis
2036 3784 2213 3855 atque

322 3882 688 3945 Sannitibus
712 3884 1029 3945 ludibrium
1047 3882 1308 3943 Romani
1331 3875 1718 3939 debeamus?
1781 3872 1909 3934 Hic
1936 3871 2054 3932 sere
2079 3889 2211 3932 sen-

319 4001 417 4041 sus
457 3980 574 4041 suit
610 3982 915 4052 orationis,
942 4000 1075 4060 quae
1120 3979 1197 4038 ab
1240 3979 1365 4059 ipso
1404 3975 1601 4035 statim
1643 3971 1849 4054 Appio
1892 3977 1982 4028 est
2013 3966 2209 4028 edita:
2284 3988 2392 4065 cip.
2426 3989 2536 4040 Cot.

320 4098 442 4164 qua
480 4079 741 4140 omnium
784 4077 945 4167 adeo·
974 4084 1110 4137 sunt
1141 4073 1484 4135 inflammati
1511 4069 1713 4140 animi,
1740 4076 1806 4127 ut
1840 4063 2213 4126 severissimae
2230 4059 2398 4106 &0²¹⁰
2411 4055 2535 4106 Bm·

320 4176 627 4237 sententiae
651 4183 948 4236 auctorem
989 4173 1173 4267 secuti
1200 4189 1481 4232 consensu
1522 4167 1914 4235 decernerent,
1942 4170 1958 4198 ‘
1990 4158 2210 4222 bellum
2231 4123 2404 4234 ἓξὲξ
