3025 4892
977 374 1121 423 nis.
1177 372 1387 423 xxii.
1431 374 1598 423 eu.
1640 358 1747 424 37.
2293 357 2467 427 1836

291 542 416 606 que
439 522 647 588 sociis
675 520 856 587 bella
888 522 1118 606 juvari
1149 520 1431 602 soleant,
1459 523 1765 588 misisse:
1811 541 1966 606 quae
1983 528 2016 571 ⁴
2041 542 2125 589 ne
2157 522 2467 608 accipere

291 626 593 703 abnuant,
623 644 867 708 magno
900 645 1104 711 opere
1124 632 1150 674 ⁵
1183 646 1260 692 se
1291 626 1530 690 Patres
1561 625 1984 710 conscriptos
2014 646 2221 693 orare.
2309 626 2349 690 J
2359 646 2469 691 am

290 728 568 795 omnium
616 730 901 814 primum
963 728 1206 794 ominis
1258 749 1465 795 causa
1494 727 1871 795 Victoriam
1920 748 2183 795 auream
2236 729 2467 814 pondo

290 837 637 898 trecentum
711 833 942 916 viginti
959 841 986 880 ‘¹
1049 833 1282 899 afferre
1350 853 1518 899 sese.
1628 831 2031 917 Acciperent
2085 851 2235 898 eam
2293 839 2471 898 tene-

288 942 569 1020 rentque,
598 944 669 1002 et
708 937 1026 1004 haberent
1076 938 1415 1022 propriam
1465 947 1538 1001 et
1586 942 1994 1020 perpetuam.
2083 934 2473 1000 Advexisse

287 1036 478 1103 etiam
520 1046 824 1106 trecenta
861 1041 1078 1106 millia
1121 1039 1420 1105 modium
1468 1039 1695 1116 tritici,
1748 1037 2041 1103 ducenta
2083 1037 2335 1117 bordei,
2389 1058 2473 1103 ne

289 1148 686 1207 commeatus
737 1142 1078 1210 deessent:
1121 1146 1210 1222 et,
1259 1147 1580 1226 quantum
1644 1146 1967 1227 praeterea
1984 1147 2006 1175 ’
2056 1160 2225 1226 opus
2274 1150 2474 1219 esset,

288 1262 415 1328 quo
446 1243 871 1328 jussissent,⁶
919 1246 1378 1310 subvecturoS.
1487 1241 1705 1308 Milite
1751 1249 1955 1327 atque
2003 1244 2227 1328 equite
2276 1244 2475 1323 s‘cire,

287 1347 404 1411 nisi
436 1345 750 1413 Romano
779 1347 1137 1432 Latinique
1186 1345 1495 1424 nominiS,
1530 1364 1666 1409 non
1717 1346 1817 1411 uti
1868 1346 2195 1430 populum
2226 1343 2480 1412 Roma-

285 1463 472 1517 nuin:
514 1451 760 1516 levium
806 1455 1179 1516 armorum⁸
1206 1449 1511 1514 auxilia⁷
1542 1449 1748 1514 etiam
1794 1453 2067 1514 externa
2111 1448 2365 1515 vidisse
2405 1450 2475 1514 in

289 1552 524 1618 casti-is
559 1552 904 1618 Romanis.
997 1552 1240 1635 Itaque
1279 1551 1554 1616 misisse
1600 1551 1783 1616 mille
1822 1551 2358 1635 sagittariorum⁸
2390 1572 2475 1618 ac

284 1654 708 1733 funditorum,
740 1661 971 1739 aptam
1013 1672 1289 1720 manum
1332 1653 1660 1719 adversus
1692 1653 1999 1720 Baliares
2041 1674 2124 1720 ac
2170 1655 2475 1735 Mauros,

284 1767 758 1842 pugnacesque
786 1758 959 1823 alias
999 1755 1248 1822 missili
1284 1756 1422 1821 telo
1462 1755 1732 1837 gentes?
1753 1757 1773 1793 ²
1856 1754 1967 1822 Ad
1998 1777 2081 1824 ea
2110 1758 2292 1823 dona
2320 1779 2479 1824 con-

285 1860 505 1926 silium
543 1880 816 1945 quoque
848 1860 1205 1940 addebant,
1253 1863 1274 1894 ‘
1307 1859 1403 1925 Ut
1430 1863 1700 1944 praetor,
1733 1861 1841 1926 cui
1872 1862 2223 1945 provincia
2244 1861 2482 1927 Sicilia

285 1964 651 2042 evenisset,
699 1965 987 2030 classem
1035 1964 1104 2027 in
1147 1961 1453 2034 Africam
1501 1960 1880 2046 trajiceret3
1924 1970 1999 2030 ut
2045 1969 2115 2029 et
2155 1965 2384 2030 hostes
2414 1965 2483 2028 in

285 2070 456 2132 terra
494 2086 623 2131 sua
662 2066 912 2132 bellum
943 2066 1291 2146 haberent,
1322 2065 1668 2149 minusque
1692 2065 2065 2133 laxamenti
2097 2066 2362 2132 daretur
2392 2067 2480 2131 iis

284 2169 369 2234 ad
418 2171 679 2237 auxilia
713 2169 1086 2236 Hannibali
1128 2165 1709 2235 summittenda-'¹¹²
1802 2169 1913 2234 Ab
1958 2177 2201 2235 senatu
2244 2170 2338 2236 ita
2385 2189 2484 2234 re-

285 2291 609 2358 sponsum
662 2275 802 2356 regi
851 2278 996 2339 est:
1042 2277 1063 2308 ‘
1097 2271 1331 2339 Virum
1382 2273 1634 2336 bonum
1696 2272 2160 2356 egregiumque
2219 2272 2481 2337 socium

287 2374 652 2443 Hieronem
681 2396 855 2455 esse,
886 2381 1090 2461 atque
1120 2394 1257 2441 uno
1286 2382 1541 2452 tenore,
1571 2393 1659 2439 ex
1689 2393 1826 2457 quo
1856 2375 1922 2438 in
1961 2373 2325 2439 amicitiam
2356 2392 2484 2457 po-

284 2479 429 2565 puli
481 2479 773 2546 Romani
825 2479 1095 2562 venei-it,
1152 2476 1351 2543 fidem
1406 2476 1723 2557 coluisse,
1777 2496 1859 2543 ac
1911 2495 2047 2542 rem
2097 2474 2482 2542 Romanam

1197 2660 1560 2684 “ulum“

287 2780 391 2830 veri
412 2780 581 2847 magis
607 2779 868 2847 potnerit?
889 2778 905 2804 ’
938 2778 1209 2843 δίζω-4
1243 2777 1401 2827 Missa
1421 2780 1582 2826 tamen
1596 2792 1628 2826 ι
1646 2788 1696 2826 ει
1711 2776 1868 2825 omniu
1889 2808 1902 2825 .
1921 2805 1962 2823 ..
1979 2775 2192 2834 solanum
2224 2787 2330 2836 qua·
2348 2770 2488 2821 Edd.

285 2854 405 2897 ante
439 2847 772 2897 Granum—5
809 2845 893 2896 At.
913 2847 1309 2909 magnopere-6
1341 2842 1463 2892 Vet.
1486 2841 1576 2892 lib.
1598 2855 1712 2903 opus
1733 2845 1871 2902 esset,
1891 2844 1940 2889 et
1961 2838 2206 2903 φανῶ-7
2245 2841 2261 2866 ‘
2281 2837 2367 2915 lta
2386 2851 2487 2915 pro

283 2911 423 2975 vulg.
448 2914 484 2963 1.
506 2917 794 2963 &matorum
812 2928 858 2961 a.
880 2926 943 2961 ex
969 2909 1174 2960 emend.
1198 2909 1361 2959 Gron.
1387 2906 1595 2971 reposui
1615 2906 1671 2956 h.
1694 2905 1728 2957 1.
1750 2913 1803 2955 et
1827 2917 1990 2955 xuii.
2017 2908 2095 2955 18.
2120 2908 2171 2954 2.
2227 2902 2487 2952 Latinitas

281 2977 333 3027 id
371 2978 623 3041 postulat,
660 2977 901 3042 idemque
932 2974 1168 3026 firmatur
1201 2973 1522 3023 anctoritate
1559 2972 1685 3021 edit.
1710 2985 1789 3034 pr.
1817 2982 1950 3019 nii.
1974 2974 2056 3019 66.
2078 2976 2127 3020 5.
2151 2974 2205 3017 et
2239 2968 2488 3018 librorum

283 3042 410 3092 Mes.
436 3041 537 3093 inf.
561 3058 674 3107 cap.
694 3046 778 3094 «16.
801 3050 936 3091 extr.
963 3054 1101 3092 xxv.
1120 3043 1202 3090 84.
1221 3042 1273 3090 4.
1299 3045 1355 3088 et
1377 3050 1568 3089 xxvii.
1589 3041 1671 3087 18.
1693 3040 1742 3085 3.
1808 3037 1896 3086 Sic
1933 3040 2116 3086 contra
2146 3045 2300 3084 xmv.
2321 3036 2375 3083 4.
2408 3032 2488 3081 di-

283 3106 453 3158 citur:
487 3111 505 3137 ‘
563 3109 614 3158 ui
638 3107 867 3171 gravium
893 3120 1146 3157 armorum
1170 3101 1360 3155 erant!
1417 3102 1596 3153 Possis
1616 3108 1669 3152 et
1690 3102 1862 3165 legere
1881 3102 1997 3151 levis
2013 3104 2270 3150 armatum
2286 3097 2487 3147 cimilia.

282 3171 386 3223 Sed
421 3172 517 3223 illu
580 3173 783 3224 doctius
807 3178 909 3235 eit,
928 3181 982 3222 et
1006 3167 1206 3221 facilius
1229 3169 1307 3220 ita
1328 3168 1394 3220 ab
1415 3167 1638 3218 indoctis
1666 3166 1956 3217 hominibus
1987 3166 2247 3229 coi-rumpi
2280 3160 2491 3229 potnit?

1288 3330 1505 3383 1101·AE

344 3444 369 3480 ¹¹
403 3437 579 3487 Pavido
617 3439 874 3485 trecentum
919 3432 1121 3498 viginti]
1151 3429 1349 3481 Aurum
1428 3429 1619 3479 iteruin
1644 3426 1978 3493 providentia
1997 3423 2215 3478 cavendi
2236 3437 2301 3476 ne
2318 3421 2490 3473 reinit-

282 3515 380 3565 lice
417 3514 667 3565 Romanis
713 3513 1028 3578 ponderibus
1067 3510 1353 3562 conficeret
1434 3512 1656 3570 teretur,
1680 3505 1967 3556 liberalem.
2454 3572 2467 3585 ·

285 3589 1058 3642 aneicuiibmmoeoomon
1072 3601 1352 3638 connume·
1496 3589 1519 3617 ¹·
1552 3582 1794 3638 Quantum
1812 3578 2066 3644 praterea]
2102 3575 2365 3629 Frumenti
2392 3588 2494 3624 sci-

282 3674 399 3718 nta
419 3665 668 3718 mercede
691 3665 926 3717 artificis.
982 3661 1203 3714 Minoi-ie
1226 3676 1356 3727 pou-
1434 3658 1565 3709 licet
1588 3663 1745 3723 atque
1769 3656 1990 3708 boi-dei..

285 3743 423 3795 deri·
444 3744 550 3793 boc
570 3743 820 3793 Victoria
854 3741 1184 3791 simulacrum
1220 3737 1350 3789 fucit
1499 3743 1520 3769 ⁸
1541 3734 1744 3786 Levium
1764 3747 2001 3784 maim-itm
2022 3727 2359 3796 [armatorum]
2386 3726 2499 3776 Aut

284 3822 404 3874 val.
441 3823 594 3872 Max.
619 3820 707 3871 lib.
727 3834 808 3872 iv.
842 3834 887 3870 c.
911 3824 959 3870 8.
991 3818 1068 3868 ait
1103 3817 1239 3869 enim
1284 3816 1351 3866 ab
1432 3813 1598 3862 leviter
1614 3815 1903 3861 &mutorum
1924 3806 2131 3857 videtur
2147 3801 2496 3857 scribendum.

283 3900 527 3951 Hierone
551 3898 709 3948 mina
731 3899 746 3927 ‘
763 3896 877 3946 nuri
899 3895 1128 3946 ducenta
1148 3900 1205 3944 et
1226 3905 1351 3958 qna·
1430 3897 1526 3940 ant
1548 3888 1722 3939 levium
1741 3900 1977 3937 urniorum
2008 3896 2076 3933 ex
2100 3878 2350 3933 Gronovii
2372 3891 2494 3929 eon-

284 3977 542 4043 tii-aginta
565 3973 772 4039 pondo,’
809 3985 1049 4038 euinque,
1069 3983 1175 4021 non
1208 3969 1351 4033 igna-
1424 3966 1654 4030 jecture.
2194 4034 2204 4045 ι
2233 4034 2245 4046 .

284 4067 399 4103 rnm
423 4048 758 4112 verecundie
780 4048 1146 4108 Rornanorum,
1182 4044 1233 4095 in
1263 4043 1353 4094 ba·
1499 4045 1515 4076 ⁸
1550 4042 1887 4102 Pugnacesque
1919 4037 2041 4087 uliae
2071 4035 2245 4084 missile
2265 4031 2359 4081 teto
2376 4044 2497 4116 gen·

285 4130 457 4181 bitum
492 4127 548 4178 id
569 4124 824 4176 victoria
855 4122 1126 4185 formasse,
1159 4125 1218 4170 ut
1245 4133 1355 4182 eos,
1435 4115 1533 4181 tes]
1567 4116 1709 4166 Hinc
1747 4113 2014 4164 Baliarum
2057 4123 2243 4160 nomen
2280 4105 2499 4156 deducit

280 4208 544 4272 religione
566 4211 750 4266 motos,
772 4199 1127 4252 munificentia
1163 4212 1253 4248 sua
1274 4196 1351 4247 uti
1434 4209 1502 4246 ex
1542 4193 1742 4243 Punica
1778 4192 1890 4244 sive
1924 4188 2143 4254 Syriaca
2177 4185 2355 4250 lingua
2392 4182 2495 4231 Bo·

281 4291 504 4353 cogeret
524 4299 541 4335 ε
558 4289 614 4335 et
637 4282 906 4332 voluntate
923 4275 1167 4348 mittendi
1193 4273 1356 4341 prius,
1432 4271 1675 4323 cbardus.

2792 4747 2948 4834 *A
