3025 4892
907 397 1113 446 LIBRI
1162 395 1274 444 xi.
1320 395 1960 446 SUPPLBMENTUM.

316 540 543 601 consuli
567 538 796 619 legatus
819 540 943 610 ibo,
965 539 1259 620 particeps
1281 538 1507 598 futurus
1523 539 1713 599 omnis
1735 537 2008 609 fortunae,
2027 556 2202 616 quam

316 646 418 697 ant
461 637 720 696 invenire
751 636 1011 707 dabitur,
1042 644 1153 695 aut
1190 636 1403 697 facere.
1489 634 1678 713 Viget
1716 634 1909 694 adhuc
1936 636 2199 702 animus3

315 753 530 812 neque,
559 741 626 792 ut
667 733 726 791 in
765 733 877 792 bac
914 740 1116 802 aetate,
1140 732 1352 792 virium
1377 731 1631 811 corporis
1654 731 1928 811 poenitet:
1969 750 2203 812 poemm

316 830 568 911 perferre
608 828 835 889 militiae
877 829 1127 898 laboree,
1172 849 1399 910 possum
1443 830 1500 889 in
1529 830 1655 889 acie
1677 838 1854 899 stare,
1874 840 1957 899 et,
1982 830 2030 887 si
2056 830 2201 889 nihil

315 925 498 996 aliud,
536 927 815 986 memoria
846 934 1106 986 veterum
1138 944 1460 1006 pugnarum
1500 936 1714 987 terrere
1744 926 1959 998 husten,
1991 926 2200 986 alacri-

313 1032 497 1083 tatem
518 1042 726 1100 augere
751 1032 1107 1089 nostrorunu
1151 1030 1233 1091 et,
1262 1022 1419 1102 quod
1444 1032 1624 1103 caput
1663 1030 1772 1091 cst,
1796 1042 2027 1103 possum
2054 1022 2196 1083 ado·

314 1112 655 1179 ieecentiam
680 1117 954 1187 consulis,
979 1136 1113 1196 quoe
1134 1118 1264 1177 sola
1288 1138 1472 1178 rerum
1497 1120 1688 1177 secius
1712 1127 1998 1197 gestarum
2023 1138 2201 1179 causa

312 1224 422 1283 est,
459 1233 656 1292 regere
697 1213 967 1285 consilio,
999 1223 1062 1274 et
1110 1215 1302 1274 aetatis
1336 1212 1701 1294 praefervidae
1742 1214 1991 1294 impetus
2033 1216 2199 1274 senili

311 1311 586 1371 cantione
610 1320 950 1391 temperare.
1037 1308 1179 1369 Nisi
1204 1310 1315 1369 filii
1342 1312 1636 1389 ingenium
1661 1321 1937 1380 tenerem,
1954 1330 2201 1391 eumque

312 1415 470 1465 recte
502 1406 764 1466 monenti
788 1426 1008 1466 morem
1033 1426 1159 1466 esee
1184 1416 1474 1485 gesturum
1497 1405 1875 1477 confiderem,
1895 1406 2114 1468 nollem
2141 1409 2201 1467 in

312 1500 428 1561 fine
453 1522 637 1582 prope
662 1503 801 1562 vitae
826 1504 951 1562 sine
976 1502 1264 1563 dedecore
1295 1511 1467 1573 actae,
1494 1512 1629 1583 post
1658 1511 1747 1563 tot
1768 1501 2102 1564 consulatus
2124 1525 2200 1564 ex

310 1599 602 1658 sententia
626 1619 760 1659 mea
793 1608 1100 1679 vestraque
1125 1610 1338 1679 geme,
1372 1609 1506 1680 pont
1531 1601 1795 1678 ingentes
1835 1601 2113 1661 victorias
2142 1612 2204 1661 et

312 1695 567 1754 illustres
608 1695 951 1777 triumphos,
1004 1705 1094 1756 tot
1143 1717 1424 1756 annorum
1476 1697 1778 1757 laboribus
1816 1697 2201 1778 periculisque

314 1801 539 1870 partam
583 1791 730 1850 belli
770 1791 1047 1871 domique
1091 1792 1358 1871 gloriam,
1393 1794 1564 1853 unius
1592 1793 1832 1872 juvenis
1854 1794 2201 1854 inconsultae

314 1887 629 1946 temeritati
653 1887 1137 1968 corrumpendam
1164 1889 1537 1969 permittere.'

388 1991 448 2044 8.
495 1983 666 2044 Huic
691 1985 942 2044 orationi
968 2005 1076 2045 nec
1112 1985 1189 2045 ad
1217 1985 1536 2046 movendos
1571 1985 1943 2066 pmentium
1970 1986 2201 2046 animos

314 2079 560 2159 pondua,
595 2100 704 2140 nec
730 2080 807 2140 ad
836 2081 1203 2160 sponsionem
1235 2081 1490 2141 melioris
1533 2090 1775 2142 eventus
1819 2080 1967 2140 fides
1989 2081 2197 2142 defuit.

2359 379 2530 445 1409

311 2174 554 2235 Summo
594 2177 854 2235 omnium
899 2196 1179 2237 consensu
1207 2176 1501 2255 legatione
1528 2178 1788 2249 decreta,
1817 2177 1990 2237 rebus
2011 2180 2201 2238 omni·
2257 2177 2355 2226 Di⁰
2375 2176 2505 2241 apud

312 2272 416 2331 bus
456 2273 845 2333 intentissima
884 2292 1024 2332 cura
1062 2274 1327 2353 provisis,
1356 2293 1471 2333 non
1507 2274 1728 2333 minore
1753 2273 1953 2333 favore
1979 2294 2199 2355 speque

308 2368 602 2448 profectus
625 2369 830 2431 consul
856 2379 965 2440 est,
993 2390 1167 2449 quam
1186 2371 1364 2450 paulo
1390 2381 1525 2432 ante
1541 2373 1826 2432 conviciis
1845 2381 1905 2431 et
1929 2372 2197 2449 indigna-

308 2465 462 2525 tione
478 2466 756 2525 redierat.
827 2464 903 2524 In
924 2466 1129 2525 itinere
1148 2466 1363 2527 deinde
1384 2476 1446 2527 et
1461 2469 1668 2528 castris
1682 2467 1826 2526 nihil
1855 2486 1970 2526 non
1987 2489 2064 2527 ex
2080 2467 2197 2527 dis-

308 2561 529 2640 ciplina
543 2563 873 2640 veterisque
890 2564 1251 2642 imperatoris
1277 2564 1500 2623 artibus
1521 2572 1785 2626 curatum
1801 2572 1890 2622 est
1912 2584 1925 2620 :
1955 2572 2016 2621 et
2030 2564 2196 2632 socii,

308 2676 451 2735 quoe
476 2657 562 2724 Q.
594 2657 815 2739 Fabiuq
840 2668 1008 2738 pater
1033 2659 1233 2719 multis
1257 2659 1563 2719 beneficiis
1600 2669 1661 2719 et
1691 2659 1921 2719 virtutis
1946 2658 2197 2718 admira-

306 2754 462 2812 tione
515 2753 884 2825 devinxerat‚
939 2754 1017 2813 ad
1067 2757 1264 2815 omnia
1314 2776 1451 2835 quae
1499 2756 1954 2836 imperabantur,
1989 2764 2200 2835 praeeto

309 2847 482 2909 fuere.
551 2849 785 2910 Militae
807 2852 988 2911 etiam
1014 2853 1146 2932 ipsi,
1173 2851 1445 2912 delendae
1460 2853 1790 2932 ignominiae
1813 2851 2038 2932 cupidi,
2059 2871 2199 2912 con-

308 2943 514 3024 fisique
540 2946 801 3005 consiliis
821 2949 950 3025 ejus
975 2947 1165 3019 dunin,
1193 2950 1301 3008 sub
1339 2970 1458 3028 quo
1496 2949 1745 3008 eandem
1775 2947 1943 3011 illam
1968 2957 2197 3025 gentem

307 3060 344 3099 a
363 3062 426 3101 ee
452 3042 830 3121 patribusque
850 3044 968 3102 suis
991 3063 1147 3124 saepe
1174 3044 1363 3104 fusam
1389 3045 1766 3124 fugatamque
1795 3045 2196 3113 meminerant,

307 3139 537 3217 copiam
556 3157 691 3199 cum
718 3139 883 3198 hoste
907 3138 1261 3218 confligendi
1287 3140 1415 3200 dari
1443 3142 1596 3201 votis
1619 3141 1888 3201 omnibus
1904 3139 2196 3199 doeidera-

308 3232 466 3291 bant.
525 3232 747 3313 Neque
771 3235 1021 3296 minores
1045 3256 1083 3295 a
1107 3239 1326 3296 recenti
1352 3238 1600 3296 victoria
1627 3236 1993 3294 Samnitibus
2018 3237 2198 3294 animi

306 3338 509 3387 erant:
569 3329 658 3388 ita
701 3350 836 3388 cum
876 3331 939 3389 bi
984 3341 1213 3411 ‘partum
1238 3331 1420 3391 decus
1443 3333 1712 3401 retinere,
1741 3331 1832 3390 illi
1859 3351 2197 3411 recuperare

304 3426 579 3484 amissum
598 3428 937 3497 niterentur,
957 3429 1197 3487 summis
1206 3429 1494 3508 utrimque
1515 3428 1730 3487 viribus
1738 3447 2077 3486 concursum
2091 3438 2196 3486 est.

2227 2241 2392 2292 Vales.

380 3528 439 3580 9.
487 3521 574 3579 Et
611 3523 749 3599 jam.
785 3522 1070 3583 deteriore
1118 3522 1250 3583 loco
1297 3544 1388 3582 res
1430 3523 1712 3582 Romana
1750 3543 1874 3581 esse
1919 3532 2194 3602 coeperat,
2257 3519 2504 3569 Oromm.

303 3623 720 3704 consulemque
766 3626 953 3705 ipsum
997 3626 1121 3685 dux
1168 3626 1418 3684 hostium
1446 3624 1520 3684 C.
1551 3624 1809 3684 Pontius
1853 3622 2197 3683 Herennius

301 3738 431 3778 cum
456 3719 694 3781 delecta
719 3741 894 3780 manu
919 3722 1446 3789 circumveniebat;
1476 3741 1633 3791 cum,
1659 3719 2061 3780 animadverso
2087 3719 2196 3779 filii

302 3816 584 3895 periculO,
606 3816 910 3876 Maximus
926 3818 984 3875 in
1003 3817 1328 3882 confertum
1350 3817 1701 3877 Samnitium
1721 3816 1926 3894 agmen
1946 3815 2197 3875 admisso

300 3930 449 3990 equo
474 3932 539 3971 se
565 3912 791 3973 intulit.
876 3912 1130 3973 Secutus
1171 3922 1262 3973 est
1303 3916 1562 3993 equitum
1598 3912 1827 3991 globus,
1854 3930 2034 3992 supra
2054 3911 2194 3970 soli-

248 4078 259 4089 ·
300 4017 418 4067 tam
445 4007 817 4070 alacritatem
844 4008 1063 4089 pudore
1092 4029 1391 4078 accensus,
1420 4010 1467 4067 si
1495 4018 1584 4068 tot
1623 4008 2005 4067 florentissimi
2019 4009 2193 4085 juve-

303 4124 403 4163 nes
440 4106 654 4165 animia
689 4114 751 4163 et
791 4104 998 4164 robore
1033 4125 1071 4163 a
1113 4126 1251 4165 sene
1300 4107 1683 4165 vincerentur.
1770 4103 1900 4165 Hic
1946 4103 2195 4182 impetus

301 4200 473 4259 totius
499 4199 692 4281 praelii
718 4200 1009 4261 fortunam
1034 4202 1236 4261 traxit.
1323 4200 1659 4260 Sustinuere
1688 4200 1934 4280 primum
1963 4197 2190 4258 Roma-

2223 3588 2306 3634 22.
