3025 4892
508 337 686 405 1526

1463 356 1535 405 T.
1584 353 1774 404 mvn

838 500 927 560 usi
971 517 1247 579 magnam
1299 497 1633 559 intulissent
1681 497 1939 569 cladem,
1983 498 2115 558 nisi·
2135 495 2481 558 tantundem
2522 496 2742 558 virtute

837 598 1221 658 restituissent
1262 594 1524 656 Romani
1564 595 1806 666 milites,
1850 604 2137 676 quantum
2194 594 2558 673 negligentia
2609 613 2745 673 per-

835 693 1124 754 diderant.
1211 692 1367 753 Cum
1407 694 1564 752 enim
1589 692 2034 761 frumentatores
2056 693 2313 752 subitum
2340 691 2526 751 hostis
2553 692 2743 770 impe·

834 800 961 851 tum
985 792 1267 850 sustinere
1294 810 1407 850 non
1429 792 1772 871 potuissent,
1795 789 1973 850 Poeni
1992 788 2072 849 ad
2090 790 2219 869 ipsa
2235 797 2429 848 castra
2452 785 2743 847 Romana

835 896 1244 969 perrexerunt:
1287 887 1598 968 divisoque
1624 887 1855 966 agmine
1880 884 2125 966 quidam
2157 884 2379 945 vallum
2409 883 2742 943 rescindere

832 985 1144 1066 parabant,
1171 984 1277 1045 alii
1301 1004 1437 1045 cum
1464 986 1716 1044 statione
1731 1002 1839 1065 pro
1852 984 2059 1044 castris
2081 982 2280 1043 locata
2297 979 2567 1062 praelium
2592 999 2743 1040 con·

830 1082 1128 1142 serebant.

911 1186 1031 1241 51:
1054 1178 1223 1239 Tunc
1265 1179 1466 1257 igitur,
1507 1178 1663 1239 sicut
1687 1177 1838 1238 alias
1876 1197 2056 1258 πρε,
2099 1176 2330 1236 militiae
2358 1176 2521 1256 leges
2551 1186 2614 1236 et
2646 1176 2741 1234 in-

829 1283 1135 1356 corruptus
1168 1274 1498 1356 discipline
1523 1275 1680 1354 rigor
1704 1294 1827 1334 rem
1851 1275 2169 1355 ancipitem
2195 1281 2258 1333 et
2281 1274 2470 1334 exitio
2502 1270 2738 1332 Roma·

832 1373 894 1432 ni
921 1373 1215 1432 exercitus
1253 1392 1521 1432 casuram
1548 1373 1759 1432 erexit.
1843 1370 2026 1438 Quod
2057 1371 2215 1431 enim
2257 1389 2637 1450 quacumque
2664 1369 2745 1429 de

829 1488 1010 1530 eausa
1048 1471 1362 1530 stationem
1400 1469 1722 1530 deseruisse
1763 1468 2025 1579 capitale
2066 1467 2226 1550 apud
2270 1468 2582 1528 Romanos
2627 1475 2739 1538 est,

830 1566 1203 1627 excubitores
1229 1566 1378 1627 nihil
1417 1568 1482 1626 in
1511 1565 1655 1646 fuga
1680 1568 1805 1648 spei
1833 1567 2151 1647 repositum
2177 1585 2302 1625 esse
2330 1565 2522 1644 gnari,
2549 1585 2745 1645 quan-

828 1683 1010 1745 quam
1038 1684 1279 1724 numero
1305 1664 1477 1744 longe
1519 1673 1951 1746 superarentur,
1993 1682 2250 1744 pugnam
2276 1662 2746 1773 pmsentissimis

829 1762 1040 1821 animis
1073 1759 1420 1833 sustinuere,
1437 1759 1641 1822 multis
1664 1747 1909 1841 quidem
1930 1779 2167 1820 suomm
2191 1760 2443 1829 amissis,
2468 1757 2576 1818 sed
2603 1759 2742 1818 hos-

826 1859 975 1917 tium
1000 1858 1322 1918 interfectis
1346 1857 1655 1939 pluribus:
1690 1857 1885 1919 donec
1922 1857 2133 1917 armari
2168 1857 2437 1917 cohortes
2460 1854 2743 1915 laboran-

828 1955 1101 2034 tibusque
1126 1974 1455 2015 succurrere
1482 1953 1995 2036 pomerant.1ta
2020 1959 2084 2014 et
2120 1954 2217 2013 bic
2247 1952 2403 2034 pulsi
2429 1952 2651 2022 hostes,
2677 1960 2743 2010 et

829 2051 932 2130 qui
973 2050 1198 2111 vallum
1235 2053 1372 2131 jam
1417 2070 1601 2132 prope
1640 2061 1922 2132 ceperant
1957 2050 2371 2112 circumventi:
2414 2067 2635 2127 magna
2658 2047 2742 2106 ibi

829 2146 1024 2207 caedes
1061 2147 1208 2208 fuit:
1251 2155 1477 2208 ceteros
1513 2148 1593 2209 ad
1634 2148 1838 2207 urbem
1891 2168 2078 2228 usque
2121 2146 2383 2208 Romani
2446 2144 2741 2226 persecuti

830 2253 984 2303 sunt.
1071 2243 1169 2303 Ea
1191 2264 1283 2305 res
1316 2245 1375 2303 in
1413 2253 1708 2325 posterum
1750 2255 1813 2305 et
1850 2244 2171 2306 tinnfdiores
2212 2242 2291 2305 ad
2314 2240 2742 2324 erumpendum

829 2339 1046 2411 hostes,
1089 2348 1153 2401 et
1210 2341 1501 2402 cautiores
1550 2342 1860 2403 Romanos
1909 2341 1986 2403 ad
2047 2340 2523 2402 frumentandum
2577 2338 2741 2399 fecit.

831 2434 986 2497 Inde
1004 2457 1139 2497 cum
1165 2439 1395 2519 segnior
1426 2459 1553 2499 esse
1577 2440 1846 2521 coepisset
1883 2440 2205 2510 contentio,
2243 2438 2447 2509 rarius,
2490 2456 2603 2497 nec
2629 2435 2739 2495 nisi

831 2531 912 2593 ad
965 2532 1121 2593 levia
1170 2535 1493 2595 certamina
1535 2536 1977 2598 excurrentibus
2026 2535 2259 2607 Poenis,
2300 2533 2488 2594 dividi
2531 2533 2740 2614 copias

827 2629 1072 2711 placuit,
1102 2639 1166 2690 et
1203 2631 1437 2693 duabus
1461 2633 1625 2693 urbis
1649 2633 1934 2714 partibus,
1976 2633 2115 2693 hinc
2150 2631 2229 2692 ad
2273 2629 2605 2711 AEsculapii
2648 2628 2739 2689 fa·

828 2747 993 2798 num,
1022 2727 1158 2788 inde
1181 2728 1278 2789 via
1303 2750 1440 2809 quae
1481 2728 1848 2792 Heracleam
1886 2729 2072 2801 ducit,
2098 2727 2513 2790 castrastatui.
2577 2725 2742 2786 Haec

827 2822 998 2883 fossis
1040 2825 1333 2905 utrimque
1374 2828 1738 2907 permunita:
1807 2847 1932 2907 qua
1970 2827 2173 2887 urbem
2214 2824 2587 2907 spectabant,
2630 2821 2740 2883 td·

829 2939 1063 2979 versum
1104 2923 1474 3002 eruptiones:
1537 2923 1698 2996 foris,
1744 2945 1864 3004 quo
1908 2925 2126 2984 tutiora
2176 2932 2383 2984 contra
2434 2921 2745 2980 invasuros

829 3025 1044 3086 essent,
1098 3016 1325 3097 iterque
1375 3019 1766 3080 subsidiorum
1826 3021 1887 3081 in
1937 3022 2141 3081 urbem
2185 3014 2741 3079 introducendorum

835 3112 1325 3193 praecluderetur.
1367 3114 1627 3176 medium
1650 3116 1804 3178 inter
1826 3116 1948 3178 duo
1972 3126 2166 3179 casm
2189 3116 2445 3198 spatium
2464 3113 2742 3194 frequen-

735 3262 739 3265 Α
833 3209 996 3269 tibus
1022 3209 1305 3291 praesidiis
1329 3211 1793 3295 stationibusque
1818 3223 2050 3296 septum
2073 3223 2182 3274 est.

525 3429 677 3481 Diod.
700 3430 807 3482 Eel.

498 3513 671 3628 Poiyb.

913 3306 1134 3367 52.1n
1159 3308 1253 3367 his
1291 3310 1561 3370 omnibns
1600 3311 1851 3371 multum
1874 3312 2242 3389 juvabantur
2281 3259 2464 3391 opera
2505 3306 2742 3368 Siculo·

831 3423 959 3464 rum
982 3404 1084 3485 qui
1109 3424 1312 3466 recens
1351 3406 1412 3465 in
1437 3405 1615 3467 fidem
1641 3416 1962 3468 venerant.
2004 3426 2253 3488 quorum
2283 3408 2417 3484 jam
2460 3424 2581 3464 una
2602 3424 2743 3465 cum

605 3513 706 3548 x1¹·
833 3500 1127 3561 Romanis
1150 3510 1388 3563 centum
1413 3502 1603 3563 millia
1625 3503 1788 3565 facta
1802 3514 1990 3565 erant.
2072 3503 2182 3564 Ab
2210 3501 2415 3562 iisdem
2440 3519 2741 3562 commea-

829 3607 925 3658 tus
971 3599 1288 3660 Erbessum
1315 3620 1500 3680 usque
1542 3601 2050 3661 mbvehebantur:
2094 3602 2174 3661 ab
2198 3621 2270 3660 eo
2308 3598 2589 3678 deinceps
2629 3616 2738 3677 op-

830 3695 971 3777 pido
1010 3698 1154 3774 (non
1184 3696 1392 3756 aberat
1424 3705 1623 3757 autem
1650 3696 1851 3777 longe)
1878 3698 1991 3779 ipsi
2032 3697 2294 3758 Romani
2326 3715 2436 3755 sua
2462 3695 2520 3753 in
2544 3702 2743 3754 casua

828 3791 1254 3874 deportabant:
1275 3794 1359 3853 ita
1376 3792 1636 3854 fiebatut
1647 3794 1874 3855 affatim
1901 3803 2055 3856 esset
2077 3812 2292 3874 magna
2318 3810 2509 3852 rerum
2535 3809 2740 3851 neees-

827 3890 1111 3949 sariarum
1134 3891 1328 3971 copia.
1414 3889 1565 3951 Hoc
1598 3891 1657 3951 in
1700 3898 1857 3952 statu
1897 3890 1978 3952 ad
2019 3910 2247 3951 menses
2271 3889 2453 3950 ferme
2477 3887 2741 3971 quinque

828 3984 999 4045 hesit
1024 3985 1292 4047 obsidio:
1334 4007 1471 4047 cum
1495 3988 1715 4047 neutris
1755 3989 1978 4068 insigne
2018 3987 2097 4049 ad
2137 3987 2443 4048 victoriam
2474 4004 2739 4045 momen-

831 4091 956 4141 tum
988 4081 1218 4162 adeptis
1244 4085 1485 4163 (praeter
1509 4083 1669 4144 leves
1693 4086 1849 4145 enim
1876 4084 2246 4147 velitationes
2271 4091 2563 4143 tentatum
2590 4080 2739 4141 nihii

830 4175 1047 4257 fuerat)
1086 4199 1177 4239 res
1218 4179 1469 4241 Punicoe
1511 4180 1799 4243 deteriore
1827 4182 1962 4245 loco
2003 4203 2127 4244 eme
2170 4188 2488 4263 coepenmt.
2575 4178 2739 4245 Quia
