3025 4892
408 310 582 378 1632
1213 341 1233 354 =
1344 332 1412 384 ι’.
1462 332 1658 390 mvn

733 486 867 537 rant
912 475 1216 538 Demetrio
1259 478 1497 550 tradita,
1544 478 1980 561 Dyrrhachium
2023 487 2087 539 et
2122 477 2369 538 classem
2417 489 2480 539 et
2523 499 2631 540 ex·

735 576 976 635 ercitum
1028 575 1330 636 reduxere.
1414 576 1538 637 Sed
1595 585 1902 658 postquam
1956 577 2025 637 L.
2079 573 2442 647 Postumius,
2493 598 2630 638 cum

735 672 1127 751 quadraginta
1170 674 1416 734 navibus
1459 673 1715 743 relictus,
1762 675 2084 734 exercitum
2130 693 2207 733 ex
2253 673 2633 735 finitimarum

737 771 966 829 urbium
990 769 1226 830 delectu
1250 770 1414 842 fecit,
1436 770 1739 852 Ardyaeis,
1760 780 1822 831 et
1845 773 1948 851 qui
1975 780 2259 853 praeterea
2288 771 2632 851 Illyriorum

738 867 815 927 ad
854 867 1189 928 societatem
1237 867 1578 928 Romanam
1624 877 2010 941 accesserant,
2053 867 2324 950 prasidio
2367 869 2631 938 futurus;

740 974 863 1023 tum
904 985 1042 1024 vero
1079 964 1397 1046 desperatis
1435 965 1636 1025 rebus
1640 967 1759 1026 suis
1782 966 1976 1027 Teuta
1998 966 2075 1026 de
2100 986 2247 1098 pace
2273 963 2637 1046 quibuslibet

738 1062 1168 1124 conditionibus
1191 1062 1533 1123 redimenda
1554 1065 1855 1174 cogitavit.

821 1166 921 1221 30.
965 1158 1119 1220 Ideo
1166 1161 1275 1219 sub
1319 1161 1549 1220 initium
1592 1161 1746 1220 veris
1795 1160 2084 1240 legatione
2129 1159 2390 1221 Romam
2437 1161 2638 1232 missa,

418 1263 633 1331 Appium.
741 1277 875 1336 quae
916 1258 1208 1337 praeterita
1244 1266 1436 1317 essent
1460 1267 1740 1338 tanquam
1768 1257 2030 1338 Agronis
2058 1259 2304 1340 imperio
2326 1258 2490 1318 facta
2528 1277 2639 1317 ex·-

742 1356 990 1426 cusavit,
1017 1356 1184 1433 cujus
1223 1364 1360 1414 acta
1396 1357 1545 1415 tueri
1584 1376 1882 1417 necessum
1916 1357 2027 1416 sibi
2066 1356 2288 1419 fuisset.
2373 1353 2640 1415 Romani
2685 1385 2710 1412 ι

745 1472 861 1513 ιιοιι
906 1451 1015 1524 illi,
1041 1453 1210 1530 cujus
1248 1472 1322 1511 ea
1355 1454 1590 1535 propria
1629 1463 1887 1535 potestas
1926 1475 2043 1515 non
2085 1463 2258 1526 esset,
2291 1462 2353 1513 et
2386 1473 2522 1532 quae
2561 1451 2642 1511 de

748 1547 1041 1609 Romanis
1063 1547 1206 1608 nihil
1230 1549 1353 1609 tale
1380 1550 1701 1624 meruisset,
1728 1571 1931 1613 verum
1959 1551 2018 1612 A
2027 1553 2219 1632 gronis
2242 1550 2368 1611 filio
2398 1550 2643 1610 Pinneo

747 1667 956 1728 pacem
993 1646 1280 1706 dederunt
1304 1647 1395 1707 bis
1425 1647 1685 1726 legibus:
1731 1659 1748 1685 ⁸
1779 1657 1847 1709 ut
1868 1649 2162 1730 stipendia
2186 1650 2472 1729 imperata
2494 1666 2642 1728 pen-

420 1743 592 1809 P0¹5b·
749 1743 931 1805 deret.
1017 1743 1266 1824 Illyrico
1299 1746 1479 1816 omni,
1518 1748 1724 1827 paucis
1763 1748 2030 1829 exceptis
2069 1747 2233 1818 locis,
2259 1744 2607 1806 decederet:
2628 1741 2646 1778 ·’

423 1841 655 1907 A1>pi¹²¹¹·'
750 1861 939 1922 neque
979 1841 1133 1903 ultra
1172 1842 1398 1902 Lissum
1448 1843 1711 1925 pluribus
1753 1865 1932 1925 quam
1977 1845 2129 1906 binis
2173 1844 2404 1914 lembis,
2449 1851 2512 1903 et
2551 1841 2646 1901 liis

749 1938 1081 2012 inermibus,
1127 1941 1469 2020 navigaret?
1551 1941 2133 2022 Corcyra,·Pbarus‚
2177 1941 2330 2013 Issa,
2372 1940 2640 2020 Dyrrha-

749 2038 967 2109 chium,
994 2046 1057 2097 et
1082 2036 1400 2098 Atintanes
1418 2039 1532 2099 hac
1556 2059 1706 2120 pace
1733 2038 2028 2100 Romanis
2049 2048 2376 2100 cesserunt:
2420 2048 2645 2108 cetera,

423 2140 545 2192 Dio.
574 2105 607 2142 ⁶
752 2156 885 2216 quae
909 2137 1020 2196 sub
1046 2135 1307 2217 Agronis
1330 2138 1573 2219 imperio
1594 2136 1850 2208 fuerant,
1878 2138 2114 2198 Pinneo
2137 2136 2362 2197 relicta.
2449 2135 2646 2196 Teuta

749 2235 872 2296 sive
906 2233 1126 2317 pudore
1168 2244 1231 2295 et
1269 2244 1448 2306 metu,
1471 2236 1595 2295 sive
1625 2235 1973 2314 jubentibus
2013 2235 2326 2306 Romanis,
2366 2233 2647 2294 adminis-

424 2337 642 2389 zonmn·
751 2334 1002 2395 tratione
1040 2336 1201 2414 regni
1231 2335 1398 2407 abiit,
1424 2354 1603 2415 quam
1626 2335 1843 2394 tutorio
1874 2333 2106 2394 nomine
2129 2333 2387 2413 suscepit
2423 2331 2646 2391 Deme-

749 2434 895 2493 trius
927 2433 1201 2495 Pharius.

835 2538 934 2591 31.
979 2531 1081 2591 Sic
1117 2530 1289 2592 finita
1325 2551 1460 2591 cum
1496 2531 1727 2612 Illyriis
1756 2531 2150 2601 contentione,
2175 2528 2503 2607 finibusque
2541 2527 2646 2585 im-

755 2629 898 2709 perii
914 2631 1044 2708 jam
1065 2628 1141 2689 ad
1168 2628 1380 2689 limites
1406 2627 1659 2688 Graeciae
1684 2629 1983 2709 promotis,
2004 2629 2082 2688 ab
2108 2626 2228 2687 alia
2248 2635 2413 2707 parte
2440 2642 2645 2705 parum

427 2702 603 2817 3¹5&
649 2718 707 2752 ¹¹·
752 2747 956 2786 secura
998 2725 1332 2807 respublica
1374 2735 1536 2786 erat.
1595 2724 2010 2786 meditantibus
2053 2723 2275 2784 bellum
2322 2721 2543 2792 Gallis,
2589 2729 2649 2780 et

462 2832 614 2883 Diod.
640 2833 729 2881 Ec·
756 2824 1026 2883 maximis
1057 2826 1115 2883 in
1161 2822 1461 2904 Hispania
1494 2823 1863 2884 incrementis
1888 2825 1970 2882 rei
2000 2823 2277 2891 Punicae‚
2304 2840 2482 2901 quam
2523 2820 2649 2879 sine

429 2898 527 2962 ¹⁰3’
548 2898 579 2947 Ι·
600 2913 728 2946 xxv.
753 2919 1016 3000 periculo
1042 2919 1337 2979 Romana}
1356 2919 1689 2979 confirmari
1711 2939 1878 3000 posse
1901 2939 2073 2979 nemo
2099 2918 2394 2979 credebat.
2481 2916 2650 2976 Has-

756 3017 989 3087 drubal,
1034 3036 1211 3094 gener
1250 3026 1312 3076 et
1352 3036 1648 3076 successor
1694 3016 2081 3088 Hamilcaris,
2118 3016 2418 3076 vindicata
2462 3014 2651 3076 soceri

756 3111 992 3184 morte,¹‘
1013 3112 1230 3172 multas
1252 3124 1534 3194 praeterea
1558 3116 1825 3174 nationes
1848 3116 2061 3195 partim
2092 3116 2285 3184 armis,
2306 3113 2652 3194 plerumque

756 3208 1001 3270 consilio
1024 3218 1087 3271 et
1111 3209 1411 3282 facundia,
1448 3231 1568 3291 qua
1594 3213 1736 3274 mire
1763 3210 2048 3292 pollebat,
2078 3210 2651 3290 Carthaginiensium

760 3307 998 3389 imperio
1021 3307 1315 3368 subdidit:
1338 3308 1538 3369 -etiam
1564 3308 1750 3369 altera
1778 3308 2159 3389 Cartbagine,
2177 3328 2309 3389 quae
2330 3307 2520 3369 Nova
2547 3327 2651 3389 ap·

821 3535 838 3570 ¹
874 3538 1067 3604 Illyrico
1092 3540 1235 3598 omni,
1267 3539 1430 3603 paucis
1459 3542 1672 3605 exceptis
1740 3555 1831 3590 car
1852 3541 1902 3590 in
1929 3540 2108 3605 praelio
2143 3537 2363 3602 quodam
2399 3539 2653 3588 adversus

759 3604 890 3661 loeis,
914 3605 1176 3668 decederet]
1213 3606 1295 3655 Ita
1320 3607 1601 3671 Polybius·
1637 3622 1668 3656 a
1738 3605 2082 3656 ferocissimos
2111 3605 2379 3668 Hispania
2409 3607 2654 3669 populos,

761 3684 860 3734 quo
883 3671 1153 3720 dissentire
1191 3672 1429 3722 videntur
1460 3687 1524 3722 ea
1556 3688 1667 3737 quus
1736 3672 2013 3736 Vettones,
2064 3669 2343 3721 fortissime
2400 3671 2656 3721 dimicans

759 3750 877 3784 mox
911 3736 1147 3785 desnmta
1179 3752 1243 3785 ex
1271 3737 1516 3802 Appiano
1548 3737 1666 3787 sub·
1738 3738 2002 3801 occubuit,
2054 3736 2276 3784 testibus
2318 3735 2546 3800 Polybio
2599 3744 2657 3784 et

753 3801 1061 3929 ,ῇὲιιςιιιιῑιιῖ
1120 3803 1390 3929 (,ὀιϊ1;)η·ιιιιῖι
1446 3812 1669 3918 {tanturn²
1742 3773 2002 3917 (ἐοῖιιεΙίῗῖ
2034 3802 2286 3917 ¹Ifxiepote.
2361 3801 2653 3916 fui-odrae:

813 3866 981 3916 harum
1049 3882 1171 3917 asam
1305 3884 1648 3924 maenianae
1789 3883 1868 3917 co
2120 3881 2319 3916 veum
2388 3881 2544 3944 nien

766 3931 938 3981 Atinia
910 3934 1244 3998 nacoliae-pace
1265 3884 1490 3983 {omanis
1505 3939 1671 3983 cem's-
1740 3883 2019 3994 flumffiis,
2008 3932 2058 3981 in
2094 3931 2231 3995 quod
2263 3932 2411 3993 ingre
2453 3931 2469 3980 i
2501 3946 2650 3982 conc·

764 4010 834 4045 se.
901 3998 969 4045 Et
999 4011 1123 4047 sane
1147 4000 1256 4047 baec
1281 3999 1523 4061 propiora
1547 4012 1672 4048 vero
1744 4004 1824 4045 tus
1861 3968 2050 4056 fuer'n,
2089 3996 2370 4046 vorticibus
2403 4011 2652 4046 summer·

768 4062 1028 4113 videntur.
1096 4063 1344 4128 Polybius
1374 4064 1455 4112 hic
1480 4074 1673 4129 proeter
1741 4077 1851 4114 sum
1872 4062 2031 4113 fuisse
2046 4071 2239 4113 narrat.
2276 4063 2315 4110 V
2324 4062 2391 4112 id.
2408 4072 2465 4112 et
2483 4062 2650 4113 Zona·

764 4141 956 4176 morem
981 4128 1316 4179 ambitiosior.
1353 4130 1496 4179 Grec.
1743 4141 1872 4189 ram,
1911 4136 1967 4181 et
2002 4128 2116 4180 Liv.
2156 4128 2247 4181 lib.
2283 4140 2445 4179 xxw.
2482 4142 2531 4178 e·
2564 4132 2647 4180 41.

828 4189 853 4226 Ι
864 4191 1116 4244 Vindicate
1127 4196 1276 4245 soceri
1291 4195 1462 4261 nerle]
1479 4193 1673 4245 Hamil·
1744 4194 1885 4245 Creo.
