3025 4892
985 392 1135 442 mn.
1180 391 1394 442 xxnr.
1436 392 1605 440 cn.
1646 378 1755 478 54.
2293 378 2465 446 1862

283 536 497 601 nusini
545 555 664 621 per
703 536 995 603 familias
1023 538 1302 622 benigne
1341 538 1776 623 accipiendos
1816 539 2279 623 curandosque
2307 558 2461 606 cum

285 640 695 721 divisissent,
739 642 808 707 in
866 642 1167 724 singulos
1212 643 1473 726 equites
1521 649 1716 725 togas
1760 648 1829 707 et
1873 642 2140 708 tunicas
2183 650 2251 708 et
2293 663 2459 729 qua-

281 742 566 825 drigatos
607 763 916 810 nummos
960 746 1201 828 quinos
1248 748 1540 823 vicenos,
1594 752 1664 810 et
1705 746 2049 828 peditibus
2094 746 2332 825 denos,
2396 753 2465 812 et

283 865 479 923 arma,
507 848 756 930 quibus
785 847 1082 926 deerant,
1104 848 1449 914 dederunt.
1538 847 1905 932 ceteraque
1927 850 2195 932 publice
2219 867 2302 914 ac
2329 850 2488 933 pri-'

284 949 480 1014 vatim
509 949 932 1034 hospitaliter
958 951 1184 1017 facta:
1229 955 1711 1035 certatumque,
1743 970 1826 1015 ne
1858 970 1900 1016 a
1929 950 2212 1015 muliere
2243 950 2464 1016 Canu·

279 1050 426 1118 sina
467 1052 762 1136 populus
792 1051 1177 1119 Venusinus
1222 1052 1466 1119 officiis
1515 1055 1914 1120 vinceretur.
2022 1053 2154 1117 Sed
2200 1055 2465 1137 gravius

283 1173 443 1220 onus
470 1155 680 1220 Busae
704 1154 756 1195 ¹⁶
785 1157 1138 1222 multitudo
1186 1156 1509 1236 faciebat,
1546 1167 1617 1222 et
1650 1157 1797 1242 jam
1844 1157 1931 1222 ad
1985 1154 2212 1222 decem
2252 1157 2468 1223 millia

277 1256 608 1323 bominum
637 1265 845 1323 erant.
929 1257 1339 1345 Appiusque
1370 1264 1438 1324 et
1464 1258 1781 1344 Scipio,¹⁷
1811 1265 2172 1345 postquam
2211 1259 2468 1324 incolu-

278 1379 441 1425 mem
473 1382 628 1427 esse
659 1362 943 1430 alterum
975 1363 1311 1429 consulem
1343 1367 1774 1446 acceperunt,
1796 1365 2100 1428 nuntium
2123 1361 2467 1445 extemplo

279 1466 566 1544 mittunt,
595 1470 861 1550 quantae
891 1485 1123 1531 secum
1155 1466 1454 1549 pediturn
1489 1465 1926 1550 equitumque
1949 1466 2169 1549 copiae
2200 1471 2465 1529 essenti

277 1568 814 1653 sciscitatumque
858 1568 1083 1644 simul,
1115 1573 1329 1633 utrum
1360 1567 1735 1634 Venusiam
1783 1566 2030 1632 adduci
2070 1565 2467 1645 exercitum,

276 1686 358 1731 an
385 1688 650 1735 manere
682 1672 952 1755 juberet
979 1670 1306 1737 Canusii?
1395 1668 1614 1736 Varro
1650 1672 1803 1754 ipse
1835 1669 2202 1734 Canusium
2232 1667 2470 1751 copias

278 1771 596 1839 traduxit.
665 1774 756 1839 Et
786 1775 932 1860 jam
962 1774 1191 1859 aliqua
1222 1774 1484 1858 species
1515 1772 1886 1839 consularis
1916 1771 2257 1836 exercitus
2286 1778 2469 1849 eratg

276 1877 742 1962 moenibusque
788 1897 865 1942 se
911 1884 1111 1957 certe,
1160 1878 1220 1942 si
1255 1896 1394 1941 non
1441 1878 1669 1954 armis,
1702 1878 1788 1941 ab
1831 1875 2028 1942 hoste
2075 1872 2469 1940 videbantur

277 1976 633 2046 defensuri.
721 1980 1034 2059 Romam,
1093 1999 1177 2045 ne
1236 1978 1360 2044 has
1406 1979 1676 2062 quidem
1729 1978 2056 2063 reliquias
2116 1991 2470 2058 superesse

275 2080 518 2146 civium
571 2083 1069 2167 sociorumque,
1122 2081 1240 2148 sed
1286 2080 1635 2147 occidione
1686 2081 1956 2146 occisos
1996 2099 2151 2143 cum
2204 2077 2471 2141 duobus

273 2183 678 2250 exercitibus
719 2184 1107 2265 consules,¹⁸
1148 2184 1545 2268 deletasque
1593 2202 1827 2248 omnes
1873 2181 2139 2266 copiaS,
2188 2178 2472 2244 allatum

277 2283 508 2353 suerat.
599 2288 987 2374 Nunquam,
1027 2289 1221 2354 salva
1259 2289 1452 2365 urbe,
1488 2291 1741 2351 tantum
1790 2285 2067 2369 pavoris
2112 2282 2473 2362 tumultus—

276 2407 404 2473 que
445 2390 624 2456 intra
659 2392 906 2457 moenia
934 2390 1247 2457 Romana
1287 2389 1434 2454 fuit.
1524 2385 2230 2473 Itaquesuccumbam
2266 2382 2471 2460 oneri,

278 2507 491 2577 neque
521 2492 865 2575 aggrediar
893 2512 1177 2574 narrare,
1212 2512 1368 2578 quae
1398 2491 1867 2557 edissertando
1896 2489 2156 2553 minora
2186 2505 2343 2552 vero
2376 2484 2471 2549 fe-

275 2604 510 2660 cero.¹⁹
600 2595 889 2660 Consule
934 2597 1370 2680 exercituque
1402 2595 1487 2659 ad
1518 2593 1992 2659 Trasimenum
2044 2590 2259 2675 priore
2297 2605 2472 2652 anno

278 2698 552 2776 amisso,
571 2717 704 2763 non
731 2698 975 2764 vulnus
1006 2718 1207 2783 super
1232 2698 1562 2775 vulnus,²⁰
1580 2705 1621 2733 ¹¹²
1654 2696 1776 2761 sed
1810 2693 2166 2777 multiplex
2195 2689 2473 2766 clades,⁰

277 2801 721 2866 cum-duobus
750 2802 1142 2868 consulibus
1195 2799 1371 2867 duo¹
1426 2800 1815 2867 consulares
1857 2795 2192 2861 exercitus
2241 2792 2476 2857 amissi

274 2906 834 2971 nuntiabanturz²
884 2926 1009 2970 nec
1055 2906 1192 2972 ulla
1226 2906 1371 2991 Jam
1412 2911 1640 2969 castra
1688 2901 2025 2977 Romana,
2055 2917 2183 2962 nec
2214 2895 2478 2974 ducem,

275 3024 392 3072 nec
419 3006 698 3072 militem
730 3029 919 3074 esse:
971 3007 1376 3074 Hannibalis
1421 3005 1769 3091 Apuliam,
1822 3000 2168 3068 Samnium
2210 3017 2292 3062 ac
2327 2995 2476 3080 jam

278 3127 491 3194 prope
556 3115 765 3176 totam
826 3110 1094 3176 Italiam
1152 3110 1427 3177 factam.
1519 3108 1730 3174 Nulla
1781 3104 2080 3191 profecto
2131 3100 2269 3165 alia
2314 3107 2477 3182 gens

338 3309 361 3336 ⁸
392 3304 516 3355 Post
542 3306 832 3357 Herminium
847 3322 940 3357 coe.
959 3322 1064 3356 eum
1084 3306 1298 3357 exercitu
1317 3319 1508 3365 eam,
1529 3319 1625 3353 non
1644 3308 1831 3352 tuntum
1847 3299 2017 3350 vulnus
2034 3310 2205 3349 novum
2222 3293 2299 3343 iun·
2319 3303 2480 3356 euper-

275 3368 489 3420 additum
510 3372 718 3437 vuueri,
739 3375 822 3422 sed
842 3375 999 3423 clades
1019 3387 1124 3437 qm
1144 3373 1401 3421 multarum
1419 3371 1516 3419 loeo
1535 3370 1619 3426 eie,
1642 3371 1724 3432 ᾄτ.

1192 3502 1252 3523 ‘O
1257 3499 1433 3522 omn
1437 3500 1561 3522 0000

343 3606 408 3652 lo
444 3603 587 3656 Olim
609 3605 900 3669 legebatur,
919 3606 1016 3656 Sed
1040 3605 1242 3655 Caunii
1266 3602 1470 3667 gravium
1490 3617 1609 3651 onus
1630 3602 1928 3651 Busa—17
1962 3598 2083 3646 Vet.
2106 3593 2196 3642 lib.
2218 3589 2402 3653 Appius
2430 3590 2478 3662 e}

279 3665 589 3730 &ipio—18
622 3673 637 3698 ‘
661 3671 882 3720 Occisum
942 3706 957 3721 .
982 3673 1248 3722 ‚meatem
1281 3668 1414 3719 Edd.
1451 3675 1584 3717 vett.
1622 3667 1825 3716 occisum
1844 3695 1859 3713 .
1886 3698 1900 3714 .
1927 3697 1941 3712 .
1962 3695 1976 3711 .
1999 3659 2208 3709 consule·
2226 3657 2382 3729 (ι’-τηε..
2406 3665 2479 3698 vr·

281 3732 449 3783 tione!
482 3733 666 3784 Stroth.
704 3736 823 3785 vid.
847 3736 970 3786 Not.
998 3736 1255 3785 Van—19
1289 3733 1451 3796 Olim,
1485 3747 1592 3795 (μισ
1628 3730 1897 3781 disserendo
1929 3728 2113 3777 minora
2134 3737 2241 3772 vero
2260 3721 2481 3780 sacto.—

157 3847 162 3852 .
281 3798 346 3844 2⁰
377 3797 719 3877 scribendum
745 3808 920 3851 monet
941 3801 994 3853 J.
1017 3802 1070 3850 F.
1096 3800 1328 3850 Gronov.
1367 3798 1571 3846 Consule
1591 3796 1891 3857 exercituque
1911 3793 1974 3841 ad
1994 3790 2321 3841 Trasimenum
2342 3793 2479 3845 supe·

283 3860 408 3912 tiore
421 3877 546 3913 uano
576 3878 768 3930 umnec,
785 3880 907 3915 nune
927 3867 1095 3915 vultum
1115 3878 1258 3934 super·
1275 3863 1444 3913 vulnus
1465 3866 1515 3911 et
1535 3861 1786 3925 multiplex
1806 3860 2076 3936 cladem—1
2117 3853 2230 3904 Duo
2255 3849 2405 3900 deest
2428 3844 2480 3894 in

1278 4007 1496 4086 Nomz

350 4109 388 4140 ¹¹
410 4107 525 4157 Non
544 4110 713 4159 vulnus
730 4123 866 4172 aper
882 4108 1073 4172 ednas]
1099 4107 1344 4158 Placeret
1423 4107 1594 4156 vulnus
1631 4117 1774 4168 cuper
1804 4101 1989 4164 winus,
2022 4103 2070 4147 et
2113 4091 2360 4157 nnuma
2388 4087 2486 4139 cla·

286 4181 579 4232 emendatio
597 4184 945 4240 Gronoviane,
964 4185 1006 4233 ti
1029 4183 1227 4232 codicis
1251 4183 1344 4232 ali-
1425 4181 1526 4230 dee.

288 4257 434 4321 cuju·
489 4260 804 4312 auctoritate
855 4263 1145 4312 niteretur=
1203 4259 1347 4311 Nune
