3025 4892
495 341 669 410 158⁰

487 2638 611 2688 Tudi

488 2704 607 2818 ΐβ

1441 353 1511 404 Τ.
1562 353 1753 402 mvn

804 498 1060 583 jerando
1079 499 1221 561 lma
1237 498 1598 582 quibuslibet
1614 499 1914 560 hominum
1932 495 2180 557 inventis
2199 494 2488 577 placetum
2516 514 2709 578 neque

814 598 1026 661 rationi
1059 603 1534 667 consentaneum,
1562 606 1627 657 ut
1660 594 1929 665 macule,
1955 595 2215 676 peccatis
2238 594 2540 655 hominum
2562 615 2708 656 oon-

814 705 1041 768 tractae,
1067 715 1341 777 pecorum
1365 696 1617 755 boumve
1641 694 1920 771 sanguine
1945 691 2107 752 ablui
2134 690 2462 750 credantur.

893 799 996 854 63.
1042 792 1189 852 ‘Ad
1214 813 1307 852 me
1325 792 1484 872 quod
1504 792 1740 861 attinet,
1767 791 1891 850 scio
1916 788 2056 848 mihi
2086 787 2445 866 Carthagine
2471 797 2709 867 paratos

815 910 938 949 esse
980 890 1270 949 cruciatus
1308 909 1571 967 magnos,
1616 887 1909 966 exquisita
1941 894 2247 945 tormenta.
2319 883 2441 944 Sed
2465 884 2556 944 his
2579 905 2708 944 om-

816 986 985 1045 nibus
1026 986 1243 1045 tristius
1286 1006 1412 1045 eme
1454 993 1600 1066 puto
1642 982 1819 1043 fidem
1871 982 2096 1043 fallere.
2181 980 2327 1041 Hoc
2367 981 2524 1041 enim
2563 980 2706 1040 mihi

693 1105 697 1109 ·
814 1081 1075 1161 profecto
1100 1091 1368 1143 noceret.
1412 1082 1522 1141 illa
1544 1083 1731 1160 magis
1754 1080 1831 1140 ad
1868 1100 1943 1140 ea
1981 1100 2115 1159 quae
2138 1079 2300 1139 circa
2325 1076 2419 1136 M.
2447 1076 2709 1137 Atilium

813 1187 967 1251 sunt,
994 1198 1174 1258 quam
1197 1178 1485 1260 adipsum
1509 1179 1851 1238 referuntur.
1935 1175 2148 1237 Nolite
2167 1174 2574 1240 calamitosum
2599 1194 2707 1233 ex·

814 1275 1091 1345 istimare,
1137 1276 1399 1356 quisquis
1440 1274 1590 1336 ferre
1621 1275 2018 1335 calamitatem
2046 1280 2257 1353 potest.
2328 1269 2708 1340 Servitutem,

812 1380 1190 1442 contemtum,
1231 1372 1517 1443 dolorem,
1561 1371 1838 1441 inediam,
1883 1368 2136 1448 vigilias,
2186 1388 2321 1429 cum
2363 1366 2523 1426 mala
2559 1385 2707 1450 nun-

814 1486 992 1545 quam
1017 1469 1365 1547 putaverim,
1402 1477 1537 1549 post
1578 1469 1728 1528 tanti
1771 1466 2047 1547 temporis
2073 1463 2502 1525 assuetudinem
2525 1463 2710 1523 etiam

813 1562 1061 1623 molesta
1102 1564 1337 1626 credere
1381 1564 1548 1625 desii.
1615 1563 1974 1624 Tolerabilia
2013 1562 2169 1622 enim
2209 1559 2358 1631 ess'e,
2401 1558 2709 1621 tolerando

813 1657 1034 1720 didici:
1076 1661 1236 1741 quod
1261 1664 1311 1722 si
1350 1682 1548 1743 supra,
1574 1681 1753 1742 quam
1779 1660 1857 1721 ab
1881 1659 2116 1720 homine
2158 1658 2294 1718 ferri
2336 1656 2574 1737 possint,
2618 1657 2706 1715 in-

813 1754 1151 1829 tendantur,
1194 1779 1309 1818 non
1346 1759 1425 1819 ab
1463 1758 1570 1818 illa
1608 1766 1859 1828 tantum,
1900 1755 2006 1816 sed
2048 1756 2126 1815 ab
2164 1755 2325 1815 omni
2354 1753 2587 1813 miseria
2609 1772 2706 1812 me

812 1852 935 1912 cita
985 1873 1136 1914 mors
1186 1853 1480 1915 liberabit.
1565 1853 1745 1915 Nihil
1787 1854 1964 1931 igitur
1999 1849 2317 1912 timendum
2357 1869 2483 1910 esse
2511 1849 2708 1910 'video

815 1957 1058 2009 mortem
1101 1971 1215 2012 non
1254 1951 1521 2011 timenti:
1564 1970 1743 2030 quam
1781 1951 1962 2010 etiam
1985 1968 2274 2029 occupare
2314 1946 2492 2007 licet:
2533 1955 2598 2005 et
2620 1945 2708 2006 fe-

812 2044 1040 2116 cissem,
1076 2047 1186 2107 nisi
1212 2048 1322 2107 viri
1360 2056 1533 2117 esset,
1575 2047 1803 2107 vincere
1828 2047 2022 2126 potius
2042 2043 2327 2115 dolorem,
2354 2062 2532 2123 quam
2558 2042 2710 2102 effu-

813 2143 969 2217 gere.
1052 2141 1175 2202 Sed
1216 2143 1343 2203 haee
1369 2163 1560 2224 pauca
1593 2152 1658 2203 et
1688 2141 1934 2203 confusa
1958 2141 2093 2202 ideo
2118 2140 2269 2209 dixi,
2297 2148 2366 2199 ιιι
2387 2160 2494 2200 vos
2516 2158 2712 2220 neque

812 2234 1095 2298 dimoveri
1120 2259 1214 2300 me
1242 2260 1408 2320 posse
1438 2260 1476 2299 a
1496 2239 1783 2300 sententia
1806 2238 2049 2306 sciretis,
2075 2256 2263 2321 neque
2289 2236 2480 2296 vicem
2516 2255 2712 2296 meam

813 2332 979 2392 velut
1022 2335 1271 2396 hominis
1311 2336 1564 2418 infelicis
1601 2342 1676 2395 et'
1709 2334 2036 2395 calamitosi
2075 2332 2522 2393 misereremini:
2565 2332 2712 2392 mihi

813 2449 952 2489 vero
976 2433 1092 2491 mei
1118 2432 1348 2493 consilii
1372 2442 1503 2493 tota
1542 2434 1691 2493 ratio
1718 2432 1912 2492 facilis
1934 2440 1998 2491 et
2020 2439 2291 2490 constans
2315 2437 2437 2488 est:
2480 2448 2620 2488 nam
2645 2437 2714 2488 ut

816 2524 1237 2607 Carthaginem
1261 2539 1538 2599 revertar,
1566 2529 1629 2589 id
1654 2528 1794 2588 mihi
1818 2527 1998 2587 debet
2021 2546 2148 2586 esse
2171 2544 2362 2586 curae·
2406 2523 2550 2604 quid
2577 2541 2710 2605 pes·

600 2648 792 2704 ..ΜΨ
814 2641 978 2682 surus
1025 2623 1108 2683 ibi
1158 2627 1289 2696 sim,
1335 2627 1448 2686 erit
1489 2624 1668 2686 Diis?
1713 2623 1950 2686 Aiunt
1990 2623 2191 2691 etiam,
2243 2642 2363 2702 quo
2411 2620 2713 2681 efficacius

613 2706 696 2756 ⁶¹¹·
716 2721 792 2755 ‘'¹-
779 2730 1076 2781 ·moveret
1096 2720 1465 2793 dubitantes,
1497 2721 1892 2790 confirmasse,
1935 2719 2321 2799 ‘priusquam
2348 2717 2711 2795 Carthagine

811 2813 1079 2876 dimissus
1100 2829 1274 2889 esset,
1299 2820 1413 2879 sibi
1450 2839 1743 2880 venenum
1768 2817 2007 2879 Punica
2030 2814 2235 2875 fraude
2274 2813 2500 2884 datum,
2526 2812 2712 2894 quod,

810 2909 972 2971 lenta
1018 2923 1181 3000 peste
1218 2916 1453 2995 spiritus
1492 2914 1704 2975 vitales
1744 2913 2026 2985 exedens,
2070 2909 2230 2972 facta
2280 2911 2710 2991 permutatione

817 3008 1147 3068 restitutum
1167 3011 1287 3069 suis
1303 3011 1704 3071 consumeret!

892 3110 994 3162 64.
1040 3104 1407 3166 Horribilem
1433 3128 1572 3168 vero
1607 3109 1668 3167 in
1704 3107 1817 3169 hoc
1852 3107 1977 3167 vito
2016 3105 2245 3166 virtutis
2282 3103 2710 3164 constantiam!

815 3199 940 3277 qui,
981 3198 1123 3260 dum
1165 3204 1244 3263 ab
1269 3203 1512 3265 honesto
1541 3224 1656 3265 non
1682 3202 2027 3272 diseederet,
2069 3200 2480 3270 contumelias,
2520 3200 2711 3261 cruci-

815 3303 967 3366 atus,
1016 3308 1283 3371 mortem,
1335 3300 1617 3381 quiequid
1666 3299 1921 3378 denique
1962 3299 2370 3359 abominantur
2423 3297 2709 3368 homines,

815 3395 1025 3472 majori
1052 3416 1230 3477 prope
1249 3399 1620 3459 contentione
1637 3405 1871 3457 secutus
1889 3405 1999 3465 est,
2026 3414 2204 3474 quam
2223 3393 2326 3454 alii
2343 3394 2676 3454 vitaverant
2693 3413 2720 3466 t,

814 3489 946 3548 utili
972 3492 1314 3554 mortalibus
1336 3494 1712 3563 documento,
1754 3512 1854 3553 eas
1897 3500 2125 3552 tantum
2160 3491 2386 3550 animas
2409 3490 2711 3570 quibusvis

813 3587 1125 3647 terroribus
1141 3610 1330 3671 pares,
1360 3592 1703 3670 honestique
1728 3588 2008 3671 propositi
2024 3587 2101 3647 ad
2121 3597 2446 3647 extremum
2473 3597 2712 3647 tenaces

813 3701 961 3752 esse,
1006 3705 1140 3764 quae
1182 3687 1507 3747 nobilitatis
1540 3707 1660 3747 suae
1700 3704 1930 3746 sensum
1971 3684 2214 3752 habent,
2254 3703 2434 3762 seque
2471 3703 2589 3744 nou
2632 3682 2710 3743 ad

815 3778 967 3838 banc
994 3781 1168 3842 modo
1194 3783 1375 3844 vitam
1402 3793 1572 3843 natas
1606 3802 1731 3842 esse
1757 3781 2141 3842 meminerunt
2165 3800 2180 3838 ε
2224 3800 2334 3839 nec
2358 3780 2515 3839 enim
2545 3798 2707 3840 acer-

813 3873 1033 3935 bitates
1082 3887 1277 3939 tantas
1324 3879 1416 3940 M.
1466 3877 1738 3957 Regulus
1786 3887 1992 3957 sponte
2041 3874 2392 3956 pertulisset,
2445 3874 2557 3934 nisi
2608 3883 2710 3934 aut

816 3968 1074 4046 pulchris
1121 3974 1295 4034 sactis
1345 3975 1608 4053 ingentia
1659 3983 1792 4054 post
1836 3982 2081 4032 mortem
2121 3972 2245 4032 sore
2296 3973 2561 4051 praemia,
2609 3980 2709 4030 aut

814 4066 1112 4129 sceleratis
1135 4071 1399 4150 ingentes
1422 4091 1622 4151 poenas
1642 4069 2003 4130 credidisset.
2063 4068 2254 4147 Igitur
2279 4070 2338 4128 in
2359 4068 2705 4132 senteutiam

820 4160 913 4224 M.
950 4163 1171 4244 Reguli
1212 4167 1372 4228 sacto
1411 4165 1938 4236 senatusconsulto,
1979 4185 2116 4228 cum
2157 4149 2387 4226 moestos
2425 4173 2487 4224 et
2533 4165 2707 4224 iratos
