3025 4892
458 354 629 421 1468

468 2265 617 2317 Ovid.
640 2267 770 2316 Met.

464 2333 500 2382 l.
528 2348 618 2382 xv.

486 2398 592 2448 Liv.
618 2413 770 2449 xxxv.

466 2760 632 2812 Zanar.

472 3627 781 3681 prout-Stat·

470 3708 556 3744 nr.
580 3698 629 3744 6.

471 3758 638 3809 Zonar.

1415 369 1483 417 T·
1535 368 1723 418 lell

777 514 1091 576 tumultum
1118 524 1180 575 et
1207 513 1654 595 trepidationem
1681 514 1927 575 avehere
1969 519 2300 594 potuerant,
2341 531 2405 571 se
2443 531 2674 592 recepe-

774 623 930 673 runt.
991 612 1178 694 Apud
1197 610 1531 681 Roman08‚
1559 620 1770 692 praeter
1787 610 2220 671 aemulationem
2234 609 2474 677 ducum,
2497 609 2677 668 etiam

775 731 853 771 ex
881 712 1052 769 rebus
1077 710 1364 790 prosperis
1389 717 1451 768 et
1490 718 1648 768 metu
1687 709 1937 769 hostium
1981 707 2337 787 negligentia
2373 714 2505 766 orta
2529 715 2677 775 erat,

778 817 1061 888 perpetua
1085 806 1383 866 felicitatis
1406 825 1623 866 comes.
1711 806 1808 868 Ea
1825 826 2006 866 causa
2029 813 2091 864 et
2114 804 2314 864 damni
2341 801 2588 883 aliquid,
2615 811 2678 861 et

779 904 1082 984 aliquanto
1109 904 1242 985 plus
1268 903 1601 982 ignominiae
1629 903 1848 964 attulit.
1935 903 2175 984 Quippe
2201 901 2417 960 milites
2441 919 2546 981 per
2572 899 2678 959 ab·

778 1011 951 1082 rupta
989 1010 1053 1061 et
1093 1001 1252 1061 invia
1291 1000 1629 1060 contemtim
1674 1010 1939 1081 repentes
1974 999 2107 1060 loco
2158 999 2395 1078 adjutus
2446 995 2683 1057 Samnis

780 1096 1006 1179 pepulit
1032 1096 1338 1177 fuditque:
1382 1096 1550 1157 multi
1592 1098 1752 1157 saxis
1777 1097 1980 1157 telisve
2005 1096 2219 1165 obruti,
2264 1104 2369 1155 aut
2394 1094 2452 1154 in
2479 1093 2680 1174 praeci-

781 1197 929 1277 pitia
953 1195 1270 1265 deturbati,
1298 1195 1675 1255 interierunt:
1720 1194 1844 1265 alii,
1885 1215 2020 1254 cum
2047 1215 2234 1274 neque
2275 1200 2545 1273 receptus
2583 1209 2684 1251 co·

780 1294 902 1374 pia,
932 1313 1121 1372 neque
1146 1291 1445 1373 pugnandi
1473 1291 1724 1352 facultas
1749 1301 1922 1364 esset,
1951 1292 2071 1352 vivi
2097 1291 2258 1372 capti
2282 1298 2435 1350 sunt.

863 1397 921 1450 5.
968 1389 1096 1449 Hic
1138 1409 1308 1448 casus
1349 1387 1599 1448 ducibus
1643 1389 1720 1449 ad
1762 1388 2182 1469 disjungendas
2223 1388 2433 1447 iterum
2482 1386 2686 1466 copias

782 1486 1160 1546 incitamento
1186 1485 1331 1545 fuit:
1376 1506 1510 1545 cum
1565 1487 1623 1545 in
1650 1485 1939 1565 collegam
1976 1485 2226 1545 infelicis
2264 1484 2440 1564 coepti
2465 1482 2686 1542 collata

781 1583 981 1664 culpa,
1009 1603 1071 1643 se
1099 1582 1365 1663 quisque,
1394 1584 1442 1641 si
1484 1582 1642 1642 solus
1667 1583 1892 1653 fuisset,
1920 1583 2128 1643 melius
2154 1592 2331 1662 atque
2360 1581 2687 1662 prosperius

784 1700 905 1740 rem
926 1690 1219 1759 gesturum
1241 1680 1415 1739 fuisse
1441 1680 1806 1761 praedicaret.
1852 1680 1925 1740 C.
1954 1679 2167 1739 Junius
2199 1698 2335 1739 cum
2360 1678 2479 1737 suis
2504 1676 2685 1756 legio-

785 1777 953 1837 nibus
978 1778 1036 1836 in
1064 1776 1307 1837 Samnio
1334 1778 1565 1837 mansit.
1610 1777 1693 1839 P.
1720 1777 2029 1837 Cornelius
2045 1778 2105 1837 in
2135 1776 2403 1836 Lucanos
2415 1785 2478 1835 et
2504 1775 2686 1836 Brut*

784 1875 897 1934 tios
934 1875 1221 1934 convertit
1246 1875 1546 1955 impetum.
1634 1873 1732 1934 lbi
1761 1884 2036 1935 terrorem
2061 1872 2377 1953 cladesque
2403 1872 2546 1933 belli
2579 1893 2684 1952 po-

785 1971 1182 2052 pulationibus
1219 1992 1487 2051 agrorum
1531 1982 1593 2031 et
1633 1971 1901 2033 villarum
1942 1970 2224 2031 incendiis
2262 1968 2686 2030 circumferenti

787 2069 1025 2147 majoris
1049 2069 1350 2150 aliquanto
1376 2070 1460 2129 rei
1498 2068 1797 2129 tentandae
1840 2068 2072 2129 occasio
2105 2076 2247 2127 nata
2286 2076 2395 2127 oet.
2481 2065 2556 2125 ln
2581 2086 2688 2126 ex·

788 2173 975 2225 trema
1002 2165 1198 2226 Italiae
1236 2187 1360 2236 ora,
1404 2187 1525 2246 qua
1568 2166 1873 2227 Orientem
1915 2186 2115 2226 versus
2147 2173 2210 2224 et
2253 2163 2489 2224 Ionium
2530 2183 2690 2225 mare

794 2262 1020 2322 Lacinii
1047 2264 1424 2344 promontorii
1456 2283 1637 2324 cornu
1681 2263 2066 2344 protenditur,
2115 2261 2340 2322 Croton
2371 2269 2481 2331 est,
2508 2262 2691 2321 veteri

793 2358 974 2429 fama,
1001 2369 1063 2420 et
1088 2369 1212 2421 tum
1239 2381 1472 2442 quoque
1500 2381 1614 2421 non
1637 2360 1983 2441 poenitendis
2008 2360 2238 2440 opibus,
2268 2358 2509 2439 inclyta.
2555 2358 2691 2418 Me·

796 2456 954 2516 diam
981 2457 1051 2516 iis
1077 2458 1435 2539 temporibus
1461 2456 1835 2517 interfluebat
1869 2456 2132 2526 AEsarus,
2166 2458 2348 2534 juxta
2379 2476 2556 2536 quem
2577 2455 2693 2514 fre-

792 2556 1033 2635 quentia
1059 2556 1345 2635 utrimque
1367 2554 1622 2615 aedificia
1648 2575 1843 2614 murus
1872 2553 2183 2614 duodecim
2210 2551 2396 2613 millia
2419 2572 2692 2634 passuum

795 2653 852 2710 in
879 2653 1124 2712 circuitu
1158 2663 1364 2734 patens
1409 2653 1693 2713 ambibat.
1778 2650 1963 2711 Hanc
2006 2658 2210 2730 aperta
2249 2649 2550 2710 obsidione
2569 2651 2692 2710 cin-

795 2771 928 2828 gere
972 2770 1087 2809 non
1131 2770 1305 2810 ausus
1344 2750 1570 2820 consul,
1616 2749 1939 2830 proditione
1980 2756 2400 2827 occupaturum
2431 2746 2694 2807 confide-

798 2847 934 2905 bat:
978 2846 1138 2925 quod
1183 2866 1221 2905 a
1261 2846 1660 2928 compluribus
1715 2846 2010 2905 Romanae
2053 2844 2325 2905 factionis
2364 2845 2696 2907 hominibus

794 2963 928 3021 spes
951 2942 1004 2999 ei
1048 2941 1209 3001 facta
1249 2952 1396 3014 erat,
1424 2963 1592 3022 posse
1620 2944 1843 3012 urbem,
1881 2940 2154 3022 praesidio
2179 2950 2426 3001 externo
2449 2940 2694 3002 destitu-

797 3048 940 3106 tam,
985 3037 1190 3098 studiis
1226 3047 1287 3098 et
1325 3039 1549 3099 auxilio
1590 3060 1811 3110 eorum,
1855 3040 2069 3119 quibus
2111 3038 2332 3119 Pyrrhi
2372 3037 2696 3099 dominatio

797 3134 988 3212 gravis
1013 3155 1136 3194 esse
1157 3136 1445 3216 coepisset,
1472 3136 1676 3217 recipi,
1715 3139 1764 3196 si
1805 3136 2007 3216 copias
2030 3144 2255 3195 mature
2290 3136 2467 3196 muris
2491 3135 2694 3197 admo-

795 3232 989 3292 visset.

877 3335 936 3389 6.
981 3327 1102 3388 Sed
1141 3350 1244 3411 per
1274 3329 1509 3390 eosdem
1537 3330 1685 3391 forte
1713 3329 1858 3400 dies,
1887 3330 2008 3390 sive
2036 3341 2193 3392 metu
2222 3330 2447 3391 hostilis
2467 3332 2526 3390 in
2550 3333 2700 3392 vici-

799 3427 898 3485 nia
917 3428 1231 3500 exercitus,
1259 3427 1382 3488 sive
1398 3428 1531 3507 jam
1558 3427 1906 3509 proditione,
1925 3447 2059 3509 quae
2089 3428 2429 3509 plerumque
2455 3429 2576 3507 tegi
2595 3428 2698 3489 diu

800 3541 916 3581 non
962 3534 1175 3604 potest,
1218 3535 1509 3607 suspecta,
1557 3524 1968 3585 Crotonienses
2015 3524 2347 3606 praesidium
2389 3545 2427 3584 a
2469 3524 2701 3585 Milone

802 3620 1166 3682 acciverant:
1210 3632 1564 3701 veneratque
1594 3621 1967 3681 Nicomacho
1992 3621 2142 3681 duce
2188 3622 2561 3711 Lucanorum¹
2593 3642 2699 3682 va-

802 3715 923 3775 lida
950 3738 1176 3789 manus,
1205 3737 1338 3798 quae
1376 3720 1640 3797 ignarum
1667 3719 1747 3777 rei
1789 3717 2108 3789 consulem,
2137 3717 2422 3798 nulloque,
2455 3719 2704 3799 periculi

802 3823 959 3873 metu
984 3814 1372 3875 confidentius
1412 3814 1489 3874 ad
1518 3815 1729 3875 moenia
1753 3836 2139 3895 suggressum‚
2166 3816 2467 3897 eruptione
2506 3816 2702 3875 subito

800 3908 981 3982 facta,
1000 3931 1115 3970 non
1141 3912 1262 3971 sine
1284 3910 1448 3971 caede
1470 3911 1924 3992 vulneribusque
1949 3912 2261 3973 multorum
2281 3911 2506 3991 reJecit.
2565 3911 2700 3972 Ru-

799 4004 971 4077 finus,
997 4019 1327 4089 acceptum·
1340 4010 1666 4068 temeritate
1684 4011 1711 4039 ²
1751 4007 2160 4070 detrimentum
2192 4010 2438 4072 consilio
2474 4029 2700 4069 correc-

797 4111 983 4173 turus,
1014 4124 1299 4165 rumorem
1328 4104 1557 4165 adversi
1583 4106 1914 4166 certaminis
1942 4105 2092 4167 ultro
2130 4106 2386 4187 adauget
2401 4128 2419 4177 3
2463 4126 2700 4188 quoque

832 4320 865 4365 2
906 4317 1040 4369 ΕΜ.
1066 4318 1284 4382 Argent.
1309 4321 1477 4370 Paris.
1502 4320 1797 4372 Amate'od.
1831 4324 2134 4375 temeritatis.
2187 4323 2366 4375 Helm.
2398 4324 2692 4377 tener-ilde}
