3025 4892
496 266 669 335 1496
1469 288 1539 338 τ.
1584 289 1775 339 mvn

818 430 966 505 fore,
1011 433 1114 514 qui
1154 452 1402 494 excusso
1434 433 1594 493 inani
1638 442 1794 494 metu
1822 431 2219 494 adversarium
2260 432 2350 492 sui
2395 451 2513 494 non
2545 431 2696 493 bene

495 527 620 580 Flor.
642 546 679 581 1.
697 532 778 582 19.
815 538 1144 611 compotem
1169 532 1324 613 prior
1349 531 1689 592 invasisset?
1766 528 2016 611 Templo
2048 528 2260 590 deinde
2294 528 2517 589 Telluri
2547 528 2695 588 Deoe

815 636 976 700 voto,
1008 628 1057 687 si
1098 628 1316 710 populo
1344 627 1622 688 Romano
1656 627 1965 688 victoriam
2000 626 2276 699 dedisset,
2317 627 2594 707 impetum
2637 626 2694 685 in

814 724 1009 785 hostes
1039 724 1197 786 fecit.
1282 723 1504 805 Neque
1543 725 1605 785 hi
1631 725 1862 804 segnius
1885 744 2169 806 excepere
2209 733 2541 794 certamem
2579 743 2695 783 cae-

814 821 1034 903 desque
1075 831 1197 882 tam
1223 833 1394 883 atrox
1434 822 1569 894 fuit,
1614 831 1682 882 ut
1725 822 1905 883 etiam
1948 822 2187 882 victoris
2229 822 2521 881 exercitus
2562 841 2697 903 pars

490 931 634 980 oron.
654 945 725 979 ιν.
742 935 793 982 4.
816 920 1003 980 minor
1027 921 1278 981 evasisse
1303 919 1553 980 dicatur.
1635 919 1742 979 Ab
1767 920 1880 980 boc
1908 918 2133 1000 praelio,
2166 937 2303 978 cum
2327 917 2450 978 alia
2473 917 2695 980 Picen-

489 1027 618 1078 Flor.
811 1018 961 1079 tium
989 1015 1228 1098 oppida,
1274 1026 1400 1078 tum
1443 1025 1626 1098 caput
1662 1016 1852 1096 gentis
1891 1014 2205 1088 Asculum,
2251 1015 2364 1075 situ
2408 1015 2696 1096 murisque

518 1092 703 1151 Strabo,
726 1094 762 1146 ¹·
811 1114 1126 1175 tritissimus
1150 1113 1342 1186 locus,
1366 1112 1712 1195 Sempronio
1751 1134 1813 1174 se
1853 1112 2216 1173 dediderunt.
2301 1111 2508 1192 Hujus
2531 1111 2695 1173 dein-

484 1162 772 1289 EQJ’Effl
810 1231 952 1292 ceps
989 1209 1264 1292 exemplo
1305 1210 1647 1272 Picentium
1686 1230 1858 1272 omne
1910 1229 2118 1271 nomen
2169 1210 2455 1291 imperata
2501 1208 2697 1271 facere

487 1302 575 1338 xv.
810 1307 1136 1389 pollicitum
1162 1329 1201 1369 a
1225 1317 1432 1369 senatu
1456 1327 1665 1390 pacem
1690 1307 1961 1368 obtinuit.
2040 1305 2176 1367 Jam
2201 1304 2386 1368 Italia
2401 1315 2547 1376 tota,
2576 1328 2696 1387 qua

477 1429 488 1438 ’
811 1403 1073 1464 Siculum
1106 1404 1455 1485 Ioniumque
1484 1425 1643 1465 mare
1672 1413 1923 1486 spectat,
1969 1402 2313 1484 perdomita,
2357 1402 2468 1464 soli
2510 1413 2692 1464 rest&

805 1500 954 1562 bant
988 1501 1323 1574 Sallentini,
1359 1502 1460 1583 qui
1493 1502 1572 1561 ad
1615 1510 1908 1563 extremas
1950 1500 2148 1561 Italiae
2174 1521 2305 1561 oras
2326 1500 2549 1573 colunt,
2576 1521 2695 1581 qua

805 1616 964 1659 mare
1008 1599 1296 1680 Superum
1342 1598 1518 1660 Ionio
1558 1600 1975 1661 committitur:
2019 1596 2097 1657 ad
2141 1598 2247 1658 hos
2288 1598 2461 1677 igitur
2504 1617 2540 1657 a
2584 1598 2697 1658 Pi-

478 1702 606 1755 Flor.
629 1722 666 1757 1.
689 1710 773 1762 20.
803 1696 1071 1757 centibus
1119 1694 1362 1768 bellum,
1431 1694 1613 1756 veluti
1668 1696 2017 1776 contagione
2069 1687 2349 1775 quadam,
2415 1695 2691 1776 pervasit,

476 1801 614 1855 Eutr.
636 1805 676 1856 ι.
697 1822 758 1859 ιι.
805 1793 1012 1873 iisque,
1058 1793 1151 1855 M.
1197 1792 1392 1855 Atilio
1435 1792 1699 1874 Regulo,
1743 1793 1816 1857 L.
1842 1791 2007 1858 Julio
2047 1791 2275 1856 Libone
2318 1790 2693 1864 consulibua:

803 1889 1090 1953 indictum
1117 1901 1224 1953 est.

476 1982 646 2035 zonat.
883 1995 981 2049 11.
1024 1988 1274 2050 Crimini
1295 1989 1522 2063 danim,
1537 1988 1699 2072 quod
1724 1987 2023 2071 Pyrrhum
2049 2009 2126 2050 ex
2158 1988 2342 2070 Epiro
2367 1989 2699 2052 venientem

479 2081 720 2192 νΞὲιιιιὶιιο.
741 2085 777 2138 1.
802 2085 1084 2166 portubus
1110 2087 1454 2168 oppidisque
1477 2088 1594 2147 suis
1617 2087 1989 2168 recepissent.
2072 2085 2351 2146 Ceterum
2373 2085 2699 2147 commodi-

472 2183 642 2264 zojm..
802 2191 896 2242 tas
916 2193 1120 2264 portus
1143 2184 1522 2257 Brundusini‚
1564 2185 1667 2266 qui
1692 2183 1902 2245 eodem
1927 2192 2103 2245 vento
2127 2184 2382 2264 spirante
2409 2193 2471 2244 et
2495 2183 2691 2246 dimit·

801 2290 923 2342 tere
947 2299 1128 2342 naves
1151 2291 1365 2363 potest,
1390 2291 1454 2343 et
1477 2283 1764 2365 accipere,
1802 2280 2107 2362 facilisque
2134 2280 2269 2340 inde
2295 2281 2355 2340 in
2383 2280 2697 2362 Illyricum

797 2386 859 2437 et
885 2378 1130 2459 Epirum
1156 2383 1458 2461 trajectae,
1499 2379 1777 2461 quodque
1808 2378 2187 2460 opportunius
2226 2377 2533 2438 videbatur
2557 2377 2697 2458 ipsis

798 2473 1010 2542 Italiae,
1037 2475 1250 2538 finibus
1289 2477 1595 2557 imperium
1633 2477 1966 2548 terminare,
2009 2475 2267 2536 veriores
2304 2473 2444 2534 belli
2494 2493 2688 2538 causae

795 2573 1173 2652 putabantur.
1215 2573 1673 2655 Triumpbarunt
1694 2593 1774 2634 ex
1792 2574 1886 2633 his
1913 2573 2087 2632 ambo
2112 2570 2381 2631 consules
2405 2590 2523 2630 una
2544 2569 2695 2639 die,-

466 2677 772 2748 FastiCapit.
794 2689 929 2749 quae
969 2670 1084 2731 fuit
1121 2680 1338 2732 octava
1364 2670 1509 2732 Kal.
1537 2669 1907 2731 Februarias.
1972 2667 2141 2728 Fusis
2168 2667 2297 2727 acie
2322 2665 2693 2738 Sallentinis,

470 2771 638 2821 Ζοιιιι.
794 2765 1212 2826 nobilissimum
1238 2786 1311 2826 eo
1355 2775 1550 2827 tractu
1590 2765 1871 2847 oppidum
1913 2763 2351 2824 Brundusinum
2386 2772 2693 2842 ceperant,

741 2897 750 2910 ·
794 2861 1028 2941 aliaque
1069 2882 1338 2943 prospere
1380 2871 1708 2942 gesserann
1757 2861 1968 2942 adjuti,
2012 2871 2078 2920 ut
2119 2858 2406 2931 ferebant,
2453 2880 2491 2918 a
2533 2858 2697 2919 Pale

466 2965 596 3017 Plor.
617 2983 656 3022 1.
675 2975 760 3023 2⁰.
794 2966 1089 3037 pastorum
1120 2958 1278 3028 Dea,
1324 2978 1458 3038 quae
1484 2958 1790 3039 praemium
1815 2956 2077 3020 victoriae
2102 2958 2343 3037 petiisse
2365 2955 2517 3017 ultro
2543 2955 2690 3016 dici-

793 3061 910 3126 tur,
938 3063 1006 3115 ut
1028 3054 1185 3116 oedes
1208 3056 1318 3115 sibi
1347 3054 1567 3115 Romae
1594 3054 1983 3118 dedicaretur.
2029 3053 2254 3135 Majori
2272 3063 2436 3134 parte
2454 3051 2691 3113 Sallen-

464 3160 611 3275 Pifh.
635 3164 743 3216 An·
793 3150 1045 3212 tinorum
1071 3153 1148 3212 ab
1177 3153 1270 3212 bis
1290 3152 1561 3222 subacta,
1576 3152 1882 3212 victoriam
1898 3151 2194 3231 sequentis
2219 3149 2356 3211 anni
2372 3159 2397 3184 ³
2419 3149 2695 3211 consules

466 3241 532 3275 '¹⁸
552 3260 565 3275 ⁸
797 3248 1190 3310 absolverunt.
1250 3248 1574 3310 Numerius
1604 3248 1823 3322 Fabius
1850 3247 1924 3309 C.
1957 3247 2026 3308 F.
2053 3246 2148 3310 Μ.
2172 3245 2341 3307 N.et
2370 3245 2451 3307 D.
2479 3244 2695 3308 Junius

464 3354 765 3424 Uv.Ep.xv,
798 3345 880 3405 D.
911 3345 984 3407 F.
1007 3345 1089 3406 D.
1110 3345 1201 3406 N.
1244 3345 1410 3407 Pera
1434 3344 1616 3408 fuere.
1660 3344 1771 3405 Ab
1795 3344 1885 3404 his
1914 3343 2131 3404 Umbri
2155 3342 2328 3405 simul
2354 3352 2533 3424 atque
2553 3341 2691 3403 Sal·

793 3441 996 3502 lentini
1023 3443 1083 3501 in
1108 3442 1467 3502 deditionem
1493 3444 1744 3524 accepti.

872 3545 975 3600 12.
1020 3538 1122 3599 Sic
1147 3540 1415 3600 universa
1438 3540 1572 3619 jam
1621 3539 1805 3600 Italia
1839 3546 2181 3620 perpacata,
2208 3558 2330 3619 qua
2353 3537 2612 3598 maribus
2631 3546 2694 3597 et

793 3656 963 3697 amne
1010 3634 1191 3697 Pado
1232 3635 1451 3710 finitur,
1478 3657 1513 3698 e
1537 3638 1785 3716 vestigio
1826 3657 1929 3718 per
1969 3635 2188 3696 insulas
2229 3635 2605 3716 propinquas,
2632 3641 2693 3694 et

791 3734 1030 3793 assitam
1060 3731 1234 3795 Ionio
1274 3733 1706 3814 Adriaticoque
1746 3731 1961 3814 pelago
1992 3732 2412 3802 continentem,
2440 3730 2686 3791 aliorum

791 3850 918 3910 spe,
948 3829 1193 3892 aliorum
1215 3830 1522 3912 formidine
1537 3829 1822 3894 celebrari
1838 3828 2120 3890 Romana
2142 3826 2692 3908 magnitudoooepta

854 4067 874 4099 ⁸
908 4064 973 4116 A.
996 4066 1063 4117 U.
1085 4066 1147 4118 C.
1165 4069 1279 4117 486.
1313 4064 1379 4117 Α.
1401 4066 1464 4116 C·
1484 4070 1601 4117 267.
1779 4067 1915 4117 alter
1935 4078 2034 4115 vn.
2056 4064 2177 4116 Kal.
2195 4060 2522 4114 Februarias.
2546 4060 2687 4111 Creo.

854 4138 884 4162 '¹
922 4131 1028 4181 Una
1046 4130 1145 4195 die]
1168 4131 1331 4181 humo
1353 4130 1553 4180 dnobus
1575 4145 1699 4180 con·
1842 4139 1869 4163 ³
1902 4130 1966 4182 A.
1987 4132 2052 4182 U.
2079 4131 2140 4183 C.
2164 4133 2279 4181 486.
2314 4127 2382 4179 A.
2404 4128 2468 4180 C.
2490 4129 2605 4177 m.

794 4195 950 4246 tinuit
973 4195 1182 4248 diebus:
1219 4211 1403 4260 nempe
1423 4197 1558 4246 alter
1576 4209 1697 4248 vm.
