3025 4892
423 335 597 403 1440

423 506 555 557 Plut.

422 705 590 756 Zonar-

424 1190 555 1243 Plut.

1397 348 1468 397 'l'-
1512 347 1711 397 mvn

749 500 1002 579 cogam!
1068 497 1177 560 Ad
1203 499 1333 560 haec
1360 496 1669 558 Laevinus:
1699 504 1716 533 ⁶
1749 493 1887 556 Nos
1911 515 2098 575 neque
2122 494 2646 557 controversiarum

753 608 1076 658 nostrarum
1112 605 1171 657 te
1209 597 1489 656 sumimus
1529 594 1834 663 arbitrum,
1870 612 2060 673 neque
2093 593 2321 654 hostem
2345 593 2645 674 pertimes-

750 695 958 755 cimus.
1041 693 1134 755 Tu
1181 713 1318 754 vero
1363 689 1614 753 absurde
1657 690 1854 752 facere
1893 690 2131 761 videris,
2171 710 2381 752 causas
2419 690 2648 750 alienas

748 810 1098 871 cognoscere
1148 799 1439 871 satagam,
1486 790 1614 870 qui,
1655 788 1906 873 propriae
1952 788 2146 870 culpae
2194 808 2345 860 reus,
2390 786 2649 849 nondum

753 887 956 950 ltaliae
983 890 1204 970 injussu
1232 898 1428 949 nostro
1453 888 1615 948 initae
1641 907 1843 968 poenas
1866 887 2039 947 nobis
2067 886 2416 967 pependisti.
2484 884 2648 963 Ergo

753 1005 869 1046 non
895 986 1170 1048 adversus
1186 997 1243 1047 te
1260 986 1471 1055 minus,
1488 1004 1668 1065 quam
1688 983 1961 1044 adversus
1974 982 2348 1053 Tarentinos,
2368 984 2649 1043 instructo

751 1102 888 1143 cum
911 1084 1173 1144 exercitu
1207 1085 1403 1167 venio,
1452 1083 1652 1143 Marte
1668 1080 1898 1161 judice,
1926 1089 2163 1142 auctore
2197 1081 2423 1160 generis
2446 1079 2648 1150 nostri,

751 1181 829 1241 de
869 1190 1064 1241 nostro
1083 1183 1222 1260 jure
1257 1179 1724 1262 disceptaturus!
1810 1174 2025 1259 Neque
2058 1177 2160 1238 diu
2193 1186 2453 1238 moratus
2482 1177 2653 1256 signa

753 1279 960 1348 movit,
986 1287 1048 1338 et
1071 1279 1223 1340 inter
1248 1277 1622 1341 Pandosiam
1645 1285 1707 1337 et
1733 1274 2101 1337 Heracleam
2126 1275 2318 1345 urbes,
2335 1274 2470 1336 loco
2488 1294 2649 1335 cam-

753 1376 955 1457 pestri,
1009 1377 1087 1436 ab
1130 1375 1442 1437 hostilibus
1483 1374 1691 1436 castris
1728 1373 1948 1435 divisus
1980 1372 2097 1433 Siri
2139 1392 2332 1443 amne,
2363 1371 2650 1433 consedit.

754 1471 945 1533 Fama
969 1481 1059 1533 est
1084 1473 1385 1554 Pyrrhum
1415 1470 1760 1554 speculandi
1796 1491 1977 1532 causa
2015 1469 2093 1530 ad
2130 1489 2361 1530 amnem
2387 1489 2652 1551 progres-

645 1652 650 1657 .
751 1588 901 1642 sum,
948 1588 1083 1631 cum
1118 1577 1315 1637 eastra
1340 1568 1626 1631 Romana
1662 1569 1980 1648 diligenter
2002 1566 2404 1649 spectavisset,
2447 1566 2548 1626 uni
2574 1587 2650 1626 ex

427 2065 593 2115 zonat.

754 1668 981 1739 amicis,
1024 1669 1120 1728 cui
1169 1667 1480 1748 Megacles
1519 1687 1732 1728 nomen
1773 1675 1922 1737 erat,
1946 1665 2206 1727 dixisse:
2251 1673 2268 1700 ‘
2301 1662 2467 1724 Ordo
2494 1672 2653 1724 certe

754 1766 1134 1826 barbarorum
1168 1766 1411 1844 istorum
1454 1765 1698 1826 minime
1721 1757 2006 1827 b'arbarus
2042 1772 2164 1834 est;
2208 1772 2274 1823 at
2315 1762 2476 1823 facta
2511 1781 2649 1822 mox

754 1863 1098 1923 noscemus!

836 1966 896 2019 3.
938 1957 1094 2019 Tum
1121 1967 1317 2020 autem
1350 1957 1429 2019 ad
1465 1958 1654 2040 ripam
1691 1958 1863 2018 firma
1897 1956 2193 2018 collocata
2219 1956 2491 2027 statione,
2518 1976 2651 2038 quae

756 2057 1065 2118 transitum
1084 2066 1378 2119 tentantes
1393 2066 1641 2128 arceret,
1657 2056 1914 2138 opperiri
1926 2055 2119 2115 socios
2139 2054 2466 2126 constituit,
2483 2075 2655 2136 super

755 2154 1040 2215 rationem
1082 2154 1250 2227 belli,
1288 2153 1448 2235 quod
1495 2152 1810 2215 Romanos
1848 2153 1908 2213 in
1949 2152 2153 2213 hostili
2191 2153 2426 2232 regione
2466 2172 2653 2212 rerum

757 2252 1209 2312 necessariarum
1262 2251 1469 2334 inopia
1527 2251 1898 2314 laboraturos
1950 2272 2074 2311 esse
2123 2252 2422 2332 sperabat,
2472 2251 2656 2311 etiam

426 2348 736 2399 Erunt-strat.
758 2344 978 2410 fiducia
1004 2348 1234 2410 Laevini
1259 2349 1509 2412 anxiusz
1550 2350 1722 2430 cujus
1745 2349 1849 2411 ille
1877 2349 2324 2411 admirationem
2350 2370 2503 2411 novo
2538 2359 2656 2410 tes-

428 2429 504 2462 1v.
525 2416 576 2465 ⁷.

428 2480 598 2529 Zonar.

756 2445 1005 2509 timonio
1036 2468 1221 2530 nuper
1257 2458 1529 2520 auxerat,
1563 2447 1819 2510 dimissis
1851 2448 2087 2529 impune
2127 2447 2411 2520 hostibus,
2447 2450 2550 2528 qui
2578 2447 2657 2509 ad

756 2544 1330 2627 explorandacasua
1352 2555 1659 2618 venerant,
1684 2555 1747 2607 et
1770 2544 2032 2626 adjecto,
2061 2554 2079 2581 ‘
2099 2545 2210 2605 sibi
2231 2555 2513 2627 praeterea
2531 2565 2656 2607 ma—

430 2659 621 2710 Gom.
639 2643 941 2722 v1.jorem
968 2642 1151 2704 alium
1175 2645 1500 2706 exercitum
1520 2644 1685 2705 essse!
1753 2642 1917 2703 Inter
1940 2643 2095 2715 haee,
2114 2651 2183 2704 ut
2197 2643 2406 2704 vicinis
2429 2644 2656 2714 castris,

424 2726 549 2775 terb-
570 2741 648 2776 ιι.
682 2737 733 2778 et

427 2789 550 2866 otto
581 2792 687 2842 rri-

428 2861 731 2920 nng,11,31,
758 2837 930 2898 batur
971 2838 1139 2899 nihil.
1212 2839 1405 2919 Igitur
1444 2839 1653 2900 diebus
1694 2838 1876 2899 ferme
1917 2839 2349 2921 quinquaginta
2388 2860 2491 2922 per
2528 2839 2658 2901 haec
2754 2906 2758 2910 ,
2811 2792 2818 2797 ·

427 2937 596 2987 Zonar-

755 2739 1129 2802 velitationes
1149 2742 1445 2803 continuae
1469 2741 1730 2803 fiebant:
1759 2741 1837 2803 ad
1863 2762 2148 2803 summam
2171 2761 2363 2802 rerum
2387 2740 2658 2823 proficie-

757 2932 982 2996 leviora
1014 2936 1340 2996 certamina
1371 2936 1714 3008 consumtis,
1754 2936 1986 3010 consul,
2018 2936 2178 3019 quod
2220 2936 2426 2998 iisdem
2466 2938 2662 2999 causis

756 3029 834 3092 ad
858 3030 1261 3094 festinandum
1287 3033 1578 3115 praelium,
1605 3032 1820 3115 quibus
1845 3034 2117 3116 Pyrrhus
2155 3033 2234 3095 ad
2271 3034 2657 3097 differendum

756 3129 1124 3201 movebatur,
1165 3129 1382 3192 milites
1406 3131 1466 3191 in
1493 3132 1842 3193 concionem
1880 3142 2127 3194 vocatos
2157 3132 2391 3193 consilii
2415 3133 2505 3193 sui
2528 3152 2658 3193 cer·

757 3226 937 3287 tiores
961 3226 1132 3301 facit,
1148 3227 1427 3293 adversus
1450 3230 1591 3291 novi
1615 3230 1801 3291 hostis
1826 3240 2044 3291 metum
2063 3229 2407 3292 confirmat:
2437 3230 2660 3313 Pyrrhi

757 3322 1003 3398 famam,
1032 3325 1363 3388 belluarum
1387 3336 1685 3400 terrorem,
1714 3336 2002 3409 quantum
2033 3337 2250 3410 potest,
2275 3329 2509 3389 elevat:
2551 3328 2659 3390 de—

759 3422 935 3503 nique
961 3424 1134 3515 rebus
1158 3425 1244 3486 ita
1267 3445 1331 3486 se
1357 3434 1550 3507 parat,
1590 3435 1658 3486 ut
1679 3425 1778 3487 vel
1810 3425 2043 3486 volente
2067 3445 2203 3487 cum
2227 3427 2394 3487 hoste
2418 3446 2658 3506 congre-

758 3516 979 3592 diatur,
1004 3521 1099 3582 vel
1119 3522 1298 3583 etiam
1318 3522 1563 3584 invitum
1584 3532 1763 3603 cogat
1785 3521 1863 3584 ad
1880 3532 2192 3585 certamen.

841 3624 900 3678 4.
930 3617 1172 3700 Itaque,
1198 3629 1509 3703 postquam
1531 3619 1833 3703 Pyrrhum
1847 3641 2081 3683 manere
2100 3622 2160 3682 in
2177 3621 2464 3683 sententia
2473 3622 2662 3693 videt,

760 3715 1088 3796 equitatum
1126 3737 1384 3790 omnem,
1421 3727 1708 3800 tanquam
1746 3718 1824 3780 ad
1859 3739 2128 3800 agrorum
2163 3718 2422 3800 praedam
2448 3738 2659 3780 excur-

746 3833 977 3907 surum,
1005 3815 1338 3894 praemittit:
1367 3816 1491 3897 ipse
1508 3836 1645 3877 cum
1672 3816 1965 3879 instructis
1986 3817 2315 3896 legionibus
2337 3817 2662 3898 opperitur,

760 3907 952 3970 donec
984 3911 1046 3971 in
1087 3910 1337 3973 adversa
1361 3912 1489 3995 ripa
1519 3914 1809 3975 tumultus
1837 3924 1898 3975 et
1938 3914 2162 3977 clamor
2200 3913 2327 3975 fiat.
2413 3913 2664 3995 Equites

762 4026 979 4085 magno
1005 4027 1043 4069 a
1067 4010 1275 4070 castris
1303 4010 1616 4072 intervallo
1654 4012 2053 4083 circumvecti,
2087 4031 2209 4093 qua
2242 4010 2664 4073 incustoditum

761 4100 977 4164 flumen
1004 4114 1152 4176 erat,
1192 4107 1604 4188 transjiciant3
1647 4109 1958 4169 stationem
1993 4129 2101 4190 pro
2138 4109 2335 4170 hostili
2373 4110 2503 4190 ripa
2537 4108 2664 4171 col·

764 4197 1017 4261 locatam
1067 4221 1236 4264 cursu
1283 4212 1507 4285 petunt.
1595 4205 1880 4287 Epirotas
1897 4207 2096 4269 subita
2146 4227 2208 4267 re
2254 4206 2538 4288 perterriti
2580 4206 2660 4266 ad
