3025 4892
878 362 1083 411 unm
1134 356 1308 441 xlii.
1353 361 1996 416 SUPPLEMRNTUM.

322 508 512 578 Deus,
556 525 746 586 neque
784 506 1140 567 vaticinandi
1185 515 1368 567 artem
1410 506 1637 584 tribuit,
1675 513 1889 591 quibus
1934 510 2201 593 prodesse

318 604 711 683 indigentibm
736 623 983 683 possem,
1009 624 1197 684 neque
1224 604 1343 665 alia
1367 605 1567 666 itidem
1594 607 1896 688 permulta.
1982 608 2202 668 Eorum

318 721 456 762 vero
476 718 611 779 quae
646 700 704 759 in
738 718 832 758 me
849 709 1006 771 sunt,
1031 702 1081 760 si
1119 710 1180 761 et
1212 702 1437 761 civitati
1463 712 1525 762 et
1549 703 1752 764 amicis
1768 704 1996 785 copiam
2023 702 2200 776 facio,
2242 761 2246 765 .

315 808 398 868 et,
421 795 577 858 unde
596 815 927 876 quenquam
942 797 1157 875 juvare
1180 796 1305 857 ullo
1324 807 1497 879 pacto
1524 820 1775 879 possum,
1812 799 1872 859 id
1897 821 2202 861 commune

315 894 587 955 omnibns
624 913 747 952 esse
791 893 1015 972 patior;
1074 892 1186 954 hoc
1231 914 1464 977 quoque
1503 896 1741 955 crimine
1786 897 2066 957 hactenus
2109 917 2204 957 me

317 1009 532 1051 vacare
576 1008 742 1071 pose
787 989 1073 1049 existimo.
1178 988 1399 1069 Neque
1443 1011 1582 1052 vero
1632 992 1738 1051 tibi
1799 992 2035 1073 quidem
2080 993 2206 1053 haec

318 1105 501 1168 parva
545 1094 651 1145 aut
691 1084 1113 1145 contemtibilia
1156 1105 1367 1146 vocare
1414 1086 1574 1159 licet,
1636 1088 1738 1167 qui
1783 1108 1906 1169 prae
1949 1097 2011 1148 te
2054 1088 2208 1148 feras

317 1182 420 1250 illa
444 1181 633 1243 videri
654 1181 935 1251 maxima,
979 1180 1244 1262 adeoque
1270 1183 1487 1262 ingenti
1515 1184 1776 1263 pecuniae
1817 1183 1992 1245 modo
2016 1204 2206 1246 emere

319 1288 559 1360 paratus
582 1299 666 1338 es·

398 1383 503 1436 24.
531 1385 549 1412 ‘
575 1374 759 1441 Quod
783 1375 832 1435 si
851 1396 990 1438 vero
1010 1375 1087 1437 ad
1106 1375 1496 1438 sublevandas
1522 1378 1892 1439 necessitates
1915 1377 2207 1458 egentium

317 1472 556 1533 omnino
588 1471 900 1533 facultates
923 1492 1148 1552 magnae
1172 1474 1444 1556 optandae
1478 1484 1690 1547 efflent,
1736 1484 1912 1556 atque
1952 1474 2066 1535 hoc
2102 1494 2204 1533 no-

319 1569 473 1628 mine
515 1569 887 1649 pecuniarum
926 1571 1208 1649 possessio
1232 1579 1457 1650 partem
1492 1570 1751 1651 aliquam
1784 1570 2085 1631 felicitatis
2116 1569 2205 1629 fa-

214 1700 221 1705 ·
314 1672 497 1736 ceret,
543 1665 632 1724 uti
675 1665 841 1726 vobis
883 1665 1120 1747 quidem
1161 1666 1394 1745 regibus
1438 1666 1707 1737 videtui-3
1752 1677 1886 1728 utra
1929 1666 2069 1726 mihi
2108 1666 2210 1726 via

316 1759 709 1841 parandarum
732 1781 909 1842 opum
928 1770 1056 1822 erat
1073 1760 1300 1835 melior,
1325 1771 1394 1822 ut
1418 1782 1455 1822 a
1474 1773 1535 1824 te
1554 1783 1708 1823 nunc
1729 1762 2055 1845 acciperem
2072 1780 2206 1822 cum

313 1855 628 1928 dedecore,
665 1877 738 1917 an
765 1878 904 1918 vero
924 1867 992 1919 ut
1013 1856 1157 1919 olim
1184 1877 1468 1939 pararem,
1507 1879 1644 1920 cum
1676 1879 1901 1941 possem
1927 1858 2210 1919 honestis-

312 1953 475 2015 simis
492 1953 855 2013 rationibus?
895 1952 1064 2016 Nam
1081 1955 1224 2015 mihi
1249 1975 1388 2015 sane
1408 1954 1729 2017 ditescendi
1748 1955 2210 2037 opportunitates

313 2047 632 2129 praeclaras
662 2049 993 2131 respublica
1014 2052 1164 2111 bene
1189 2040 1354 2130 gesta
1378 2052 1648 2133 praebuit,
1678 2072 1813 2114 cum
1847 2051 1996 2112 alias
2027 2069 2207 2131 ampo,

314 2157 441 2206 tum
466 2166 612 2206 vero
630 2147 887 2207 maxime
905 2157 1043 2208 ante
1067 2147 1178 2208 hoc
1203 2147 1671 2228 quadriennium,
1698 2146 1936 2231 quando
1956 2148 2014 2206 in
2037 2145 2206 2207 Sam-

315 2241 493 2313 nitas,
537 2241 828 2316 Lucanos,
877 2242 1256 2323 Bruttiosque
1293 2243 1497 2305 consul
1537 2264 1674 2305 cum
1711 2245 1972 2306 exercitu
2006 2244 2211 2303 mimus

2355 346 2527 415 14⁵1

2263 2120 2535 2212 Supnmti.

2234 2225 2334 2259 xn.
2350 2226 2397 2262 c.
2417 2215 2469 2261 0·

2265 2275 2469 2341 Dionys.

310 2336 705 2419 amplissimas
751 2339 1012 2418 regiones
1061 2338 1513 2421 populabundus
1571 2342 1938 2422 percucurri;
2000 2338 2212 2420 pmliis
2288 2386 2298 2393 .

318 2434 521 2494 multis
531 2434 721 2495 victor
735 2435 908 2496 urbes
924 2435 1234 2517 opulentas
1250 2437 1312 2496 vi
1327 2437 1460 2517 cepi
1478 2435 1778 2516 diruiquez
1809 2434 1962 2496 unde
1982 2434 2215 2494 donatis

317 2528 556 2607 largiter
591 2529 894 2602 militibus,
934 2529 1279 2611 redditoque
1310 2532 1553 2613 privatis
1586 2529 1746 2611 quod
1782 2528 2119 2610 reipublice
2154 2530 2213 2589 in

319 2645 454 2685 usus
494 2624 640 2685 belli
679 2636 944 2687 mutuum
989 2627 1295 2700 dederant,
1338 2647 1429 2688 res
1472 2637 1672 2688 tamen
1710 2634 2032 2707 superesset
2070 2644 2216 2704 qua-

318 2718 756 2801 dringentorum
768 2722 1118 2783 talentorum
1125 2731 1165 2795 ,·
1190 2742 1325 2803 quoe
1342 2723 1402 2783 in
1420 2723 1687 2783 aerarium
1701 2719 2000 2803 publicum
2025 2719 2215 2781 intuli.

322 2814 659 2896 Postquam
679 2816 854 2896 igitur
862 2820 1058 2898 justas
1075 2817 1391 2880 etdecoras
1413 2838 1491 2880 ex
1511 2818 1800 2879 manubiis
1812 2836 1976 2898 opes,
2002 2835 2138 2896 quae
2157 2817 2216 2876 in

322 2921 553 2992 promtu
580 2921 768 2986 erant,
809 2922 1150 2994 aspernatus
1172 2934 1325 2987 sum,
1365 2923 1449 2986 et,
1485 2913 1760 2996 exemplo
1790 2910 2019 2974 Valerii
2045 2911 2217 2973 Pub·

322 3006 515 3069 licolae
538 3008 974 3091 multorumque
1009 3010 1277 3082 aliorum,
1316 3011 1421 3090 qui
1455 3030 1577 3070 rem
1617 3008 1952 3071 Romanam
1977 3008 2134 3068 hune
2159 3008 2218 3067 in

322 3112 540 3165 statum
579 3103 996 3185 produxerunt,
1034 3104 1282 3187 gloriam
1324 3106 1585 3187 pecuniis
1618 3105 1959 3187 anteposui·
2003 3123 2155 3167 nunc
2183 3122 2220 3165 a

322 3207 379 3287 te
396 3219 649 3261 munera
669 3200 924 3310 capiam,
932 3209 1249 3263 contemta
1270 3200 1661 3284 pulcherrima
1697 3198 2028 3263 ditescendi
2046 3219 2217 3308 occa-

325 3484 625 3551 liberrime
641 3498 707 3549 et
727 3509 865 3559 oum
894 3489 1203 3572 voluptate
1222 3488 1482 3569 quadan
1504 3490 1820 3581 pquissem
1839 3508 1864 3548 ε·
1898 3506 2052 3547 nnnc
2086 3502 2223 3547 vero

325 3601 399 3642 ne
430 3583 617 3663 hujus
650 3583 891 3663 quidem
926 3584 1067 3649 boni
1100 3584 1228 3649 ulla
1262 3584 1464 3651 futura
1500 3593 1656 3646 esset
1689 3585 1880 3665 copia.
1964 3580 2224 3642 Creditae

323 3679 480 3741 en'm
512 3680 715 3745 verim
748 3699 932 3760 quam
966 3680 1205 3749 donate
1242 3680 1504 3790 pecunia
1545 3679 1850 3745 comendae
1891 3687 2047 3747 sunt,
2092 3695 2223 3754 quoe

324 3772 527 3841 thena
557 3774 845 3841 beneflcio
878 3777 1261 3848 obvenerunt,
1303 3776 1616 3856 animoque
1648 3776 1898 3854 ingenuo
1938 3783 2000 3833 et
2032 3780 2226 3832 erecto

324 3888 541 3947 graves
560 3871 928 3943 incumbunt,
953 3871 1143 3934 donec
1166 3872 1389 3949 restitui
1415 3879 1671 3951 queant·
1654 3915 1674 3941 ,
1717 3879 1784 3930 ut
1797 3871 1933 3949 jam
1954 3888 2057 3949 per
2092 3867 2224 3927 hos-

325 3964 485 4044 pitii,
519 3965 619 4027 vel
644 3966 942 4046 amicitiai,
980 3966 1078 4029 vel
1102 3966 1524 4030 benevolentiae
1553 3968 1807 4048 speciem
1831 3964 1987 4025 datae
2017 3982 2224 4045 accep-

323 4069 524 4141 wque
548 4061 782 4123 fuerint.

394 4212 417 4237 ‘
440 4204 914 4268 Quodn-ingenemm
934 4204 1244 4268 talentorum]
1322 4210 1500 4259 37600.
1539 4206 1674 4258 Crev.

328 4269 633 4323 Manatum
654 4272 859 4337 argenti
880 4272 1247 4324 Parmensium
