3025 4892
395 332 568 400 1636
1341 352 1411 399 T.
1459 352 1650 399 mvn

720 492 851 554 loco
889 511 1098 576 pugnae
1129 494 1345 554 concisi
1370 503 1527 566 sunt,
1557 495 1733 555 ceteri
1759 493 2049 572 fugerunt.
2136 491 2305 552 Galli
2329 492 2620 553 munitam

720 590 1014 670 quendam
1052 590 1289 664 collem,
1317 612 1435 672 quo
1476 590 1754 673 pleraque
1792 591 2136 669 fugientium
2178 590 2352 649 turba
2379 610 2621 650 conces-

719 698 894 759 serat,
919 709 1130 769 capere
1167 690 1386 761 conati,
1415 698 1726 770 postquam
1752 697 2035 748 nocturno
2063 689 2270 748 itinere
2293 686 2622 767 diurnaque

720 805 918 866 pugna
958 787 1107 846 vires
1147 787 1466 846 exhaustas
1504 806 1755 858 sensere,
1783 785 1861 846 ad
1902 805 2150 866 corpora
2188 783 2451 844 curanda
2492 784 2624 843 abi·

719 892 963 944 verunt:
1019 884 1226 944 relicta
1266 895 1432 966 parte
1472 884 1759 964 equitum,
1802 903 1936 963 quae
1976 882 2266 942 tumulum
2304 880 2622 952 obsideret,

720 980 996 1059 postridie
1034 982 1097 1042 vi
1139 991 1244 1043 aut
1283 981 1579 1042 deditione
1608 980 1765 1041 baud
1789 980 1968 1040 dubie
1997 981 2055 1039 in
2091 987 2440 1060 potestatem
2467 978 2638 1038 redi-·

719 1077 994 1155 gendum.
1081 1078 1157 1139 In
1198 1080 1313 1140 hoc
1346 1079 1596 1140 articulo
1629 1098 1821 1139 rerum
1861 1078 1932 1139 L.
1960 1077 2244 1138 AEmilius
2273 1076 2479 1137 consul
2514 1096 2624 1156 op-

429 1195 599 1262 Polyb.
632 1211 693 1245 11.
718 1175 889 1236 tabili
939 1177 1132 1258 potius
1186 1198 1367 1259 quam
1413 1185 1646 1258 sperato
1691 1197 1833 1236 casu
1879 1176 2234 1256 supervenit.
2324 1171 2495 1234 Nam
2541 1173 2623 1233 ad

394 1264 478 1311 ²³·
718 1270 936 1335 samam
981 1274 1421 1336 adventantium
1449 1274 1765 1334 Gallorum
1791 1273 2126 1333 Ariminum
2159 1272 2385 1341 missus,
2413 1268 2640 1330 defen:

717 1393 883 1432 surus
932 1371 1230 1431 Adriatici
1282 1371 1493 1432 littoris
1545 1391 1729 1442 oram,
1778 1379 2089 1451 postquam
2141 1369 2342 1428 urbem
2395 1366 2626 1427 audivit

426 1475 599 1540 Polyb.
631 1492 692 1525 ιι.
717 1470 862 1548 peti,
885 1471 1113 1549 magnis
1138 1470 1444 1530 itineribus
1463 1468 1750 1532 Arimino.
1766 1465 2080 1549 profectus,
2103 1466 2181 1527 ad
2208 1486 2281 1526 ea
2306 1465 2439 1525 loca
2464 1465 2625 1525 bona

393 1545 474 1590 ²⁰·
714 1565 972 1646 quadam
1017 1566 1251 1627 fortuna
1294 1574 1661 1648 pervenerat,
1698 1573 1761 1625 et
1805 1584 1989 1645 parvo
2029 1564 2108 1623 ab
2143 1563 2408 1624 hostibus
2441 1563 2621 1622 inter·

711 1663 876 1725 vallo
897 1673 1092 1725 castra
1118 1673 1371 1725 metatus
1396 1663 1607 1724 fuerat.

791 1767 890 1822 38.
936 1761 1179 1822 Obsessi
1216 1782 1292 1822 ex
1333 1762 1562 1841 ignibus
1588 1762 1665 1822 ab
1691 1782 1765 1822 ea
1789 1769 1956 1842 parte
1987 1760 2336 1841 conspectis,
2367 1757 2429 1818 id
2457 1757 2620 1838 quod

708 1867 856 1930 erat,
895 1857 1237 1920 Romanum
1279 1860 1603 1920 exercitum
1637 1860 1864 1921 venisse
1901 1859 2301 1938 conjicientes,
2328 1855 2616 1938 quosdam

709 1976 941 2016 suorum
968 1958 1248 2017 miserunt
1270 1957 1394 2016 sine
1421 1957 1618 2029 armis,
1646 1977 1766 2036 quo
1790 1954 2027 2017 facilius
2052 1956 2304 2016 hostium
2332 1954 2620 2015 excubias

708 2053 996 2115 fallerent.
1084 2054 1183 2114 Ex
1229 2055 1317 2115 bis
1359 2055 1599 2134 cognito
1643 2075 1835 2115 rerum
1860 2064 2018 2115 statu
2045 2053 2270 2125 consul,
2298 2054 2446 2112 citra
2488 2051 2618 2112 lon-

710 2151 929 2229 giorem
980 2150 1483 2225 deliberationem,
1528 2172 1706 2233 quam
1760 2172 1950 2233 neque
1996 2172 2110 2223 res,
2155 2171 2343 2233 neque
2387 2160 2623 2231 tempus

709 2248 958 2320 serebat,
985 2250 1183 2310 statim
1220 2259 1350 2310 orta
1377 2249 1509 2311 luce
1537 2270 1674 2310 cum
1700 2251 1967 2331 equitatu
2000 2249 2294 2332 praeceaeit
2318 2247 2396 2308 ad
2422 2257 2619 2307 tunm-

711 2344 856 2417 lum‚
883 2345 1129 2406 tribunis
1171 2347 1421 2408 militum
1464 2368 1601 2408 cum
1647 2347 1964 2427 legionario
2003 2347 2191 2407 milite
2231 2346 2398 2426 sequi
2411 2344 2615 2424 Jum'n.

712 2441 929 2503 Gallos
957 2444 1090 2520 jam
1125 2443 1357 2506 iidem*
1341 2465 1504 2523 ignes
1539 2444 1965 2506 admonuerant
1998 2444 2073 2504 de
2100 2443 2355 2504 adventu
2383 2441 2618 2504 Roma-

709 2559 937 2612 norum,
978 2549 1042 2601 et
1081 2540 1157 2601 ad
1202 2541 1509 2602 consilium
1551 2541 1629 2603 de
1673 2543 2055 2624 praesentibus
2096 2548 2429 2620 coegerant.
2511 2537 2616 2600 Ibi

709 2657 813 2698 rex
855 2637 1222 2698 Aneroestus
1259 2638 1509 2710 suasitf
1536 2659 1610 2699 ne
1655 2659 1863 2718 agmen
1907 2638 2371 2721 locupletissima
2406 2634 2614 2719 praeda

708 2743 980 2795 onustum
1020 2735 1346 2814 objicerent
1387 2737 1576 2797 hosti:
1622 2736 1728 2798 sed
1769 2736 2007 2797 domum
2046 2735 2308 2815 digressi,
2344 2734 2630 2816 deposita·

710 2830 930 2910 praeda,
976 2833 1026 2892 si
1065 2832 1407 2894 bellandum
1449 2834 1609 2894 ultra
1651 2833 1966 2905 videretur,
2015 2831 2280 2914 expediti
2318 2832 2616 2894 redirent'

710 2926 982 2988 Probato
1022 2929 1101 2988 ab
1142 2931 1411 2991 omnibus
1450 2933 1694 2993 consilio
1720 2941 1856 2993 ante
1885 2940 2117 2992 noctem
2149 2930 2486 3002 disceditur,
2515 2930 2614 2990 iti·

712 3041 845 3081 nere
888 3043 992 3102 per
1034 3024 1331 3086 Etruriam
1358 3029 1544 3105 juxta
1567 3029 1731 3090 littus
1755 3030 1929 3090 maris
1953 3029 2238 3089 instituto.
2324 3027 2396 3087 L.
2417 3027 2612 3087 AEmi-

712 3115 825 3177 lius
864 3121 1113 3201 receptis
1155 3123 1256 3202 qui
1298 3124 1358 3182 in
1401 3125 1694 3186 tumulum
1738 3125 2143 3205 confugerant,
2185 3133 2248 3184 et
2294 3123 2612 3185 Gallorum

618 3227 625 3234 “
711 3215 1068 3297 profectione
1108 3221 1367 3298 cognita,
1395 3242 1531 3282 cum
1575 3223 1666 3283 bis
1705 3223 1943 3304 quidem
1982 3221 2216 3283 collatis
2250 3222 2427 3300 signis
2460 3242 2614 3303 pug-

712 3333 850 3374 nare
894 3314 1162 3376 nolebat:
1206 3316 1309 3375 sed
1346 3318 1574 3399 insequi
1608 3329 1806 3382 tamen
1831 3320 2057 3391 statuit,
2083 3320 2391 3380 occasione
2428 3339 2611 3400 quam

708 3419 938 3492 tempus
961 3412 1269 3474 obtulisset
1293 3435 1516 3476 usurus.

793 3514 892 3568 39.
938 3507 1013 3568 In
1058 3510 1171 3571 boc
1213 3511 1462 3573 articulo
1501 3533 1695 3573 rerum
1723 3534 1916 3575 rursus
1940 3513 2167 3594 aliquid
2192 3534 2267 3574 ex
2295 3514 2615 3594 improviso

716 3604 921 3665 molita
960 3604 1194 3667 fortuna
1226 3617 1334 3669 est.
1414 3609 1597 3670 Alter
1634 3611 1838 3673 consul
1875 3610 1950 3672 C.
1979 3610 2208 3671 Atilius
2230 3631 2307 3671 ex
2336 3610 2613 3673 Sardinia

713 3722 847 3762 cum
874 3701 1199 3782 legionibus
1224 3705 1405 3767 Pisas
1427 3707 1759 3788 appulerat,
1787 3716 1966 3788 atque
1995 3708 2078 3768 ibi
2102 3707 2383 3768 militibus
2421 3729 2608 3791 expo-

710 3799 838 3859 sitis
872 3799 1125 3880 pedestri
1161 3804 1363 3865 itinere
1393 3805 1635 3885 petebat
1660 3803 1942 3877 Romam,
1969 3825 2073 3885 per
2096 3804 2344 3866 eandem
2371 3805 2611 3868 Etrusci

712 3898 885 3956 maris
922 3917 1085 3958 oram
1110 3899 1386 3960 incedens
1409 3921 1528 3981 qua
1555 3900 1726 3962 Galli
1750 3902 2086 3963 veniebant.
2172 3901 2354 3963 Circa
2375 3912 2608 3984 portum

392 3961 604 4077 lffiw
584 3993 687 4072 A„
711 3990 963 4053 Etruriae
999 3993 1382 4058 Telamonem
1424 3998 1674 4078 primum
1707 3998 1944 4059 obviam
1978 3999 2089 4058 sibi
2127 3998 2270 4059 facti
2296 4008 2432 4060 sunt
2457 4019 2608 4080 prae

396 4093 647 4156 ti1.q1..2
707 4108 966 4151 cursores
984 4092 1279 4174 utriusque
1298 4095 1620 4155 exercitus:
1663 4096 2028 4178 captivisque
2050 4096 2344 4158 nonnullis
2364 4096 2441 4157 ad
2461 4117 2606 4159 con-

395 4157 492 4273 2¹3⁰
464 4103 600 4220 ‘'bxi'‘
624 4168 686 4202 ¹¹
708 4185 892 4248 sulem
933 4187 1223 4264 adductis,
1267 4191 1371 4256 ubi
1410 4190 1486 4253 de
1526 4192 1732 4258 itinere
1778 4189 2116 4266 Gallorum,
2150 4202 2212 4254 et
2249 4195 2611 4275 insequentu
