3025 4892
866 385 1071 436 usai
1122 385 1264 436 xx.
1311 384 1951 435 susannam-uu.
2338 363 2512 433 1633

283 533 513 616 pellata
552 543 663 603 est,
694 533 754 591 in
792 532 920 593 sinu
965 533 1138 593 maris
1166 536 1351 613 juxta
1393 541 1624 614 portum
1667 530 2082 611 amplissimum
2125 537 2187 589 et
2229 527 2337 578 1⁶³*-
2361 542 2511 577 ΗΠ·

282 632 431 691 satis
480 630 850 691 commodum
896 629 1154 691 condita.
1238 629 1361 691 Sed
1413 629 1649 710 propior
1690 647 1727 687 a
1766 627 1965 687 Gallis
1997 636 2185 687 metus
2208 598 2385 725 gisb.

280 725 491 789 durius
516 727 756 807 aliquod
780 740 984 791 contra
1011 730 1234 790 Poenos
1255 726 1565 789 consilium
1591 727 1736 786 inire
1760 725 1983 786 vetuit:
2027 723 2188 805 quod

279 823 580 905 reliquum
620 836 766 898 erat,
796 827 1107 888 foederibus
1130 826 1432 908 pactisque
1456 843 1689 884 cursum
1712 823 1961 883 fortunae
1986 842 2185 883 eorum

282 924 487 982 sistere
539 923 904 986 studuerunt.
1014 924 1249 1004 Legatis
1303 944 1440 1002 ergo
1492 921 1913 1000 Carthaginem
1962 918 2190 991 missis,¹
2243 944 2459 1012 Αρρῑω,

282 1018 539 1099 aliisque
574 1020 654 1079 ad
698 1019 1165 1093 Hasdrubalem,
1203 1020 1571 1101 pepigerunt,
1600 1027 1618 1055 ‘
1646 1027 1715 1078 ut
1747 1027 1907 1078 trans
1943 1016 2183 1076 Iberum
2209 1011 2334 1061 Iber.

285 1136 521 1176 amnem
561 1138 626 1177 se
667 1119 1029 1179 continerent
1068 1118 1266 1188 Poeni,
1295 1116 1636 1196 Saguntinis
1676 1135 1798 1175 suae
1823 1113 1981 1193 leges
2009 1123 2073 1175 et
2112 1115 2184 1173 li·
2207 1076 2498 1193 11²7&th

281 1215 487 1273 bertas
525 1216 893 1276 servaretur?
976 1214 1136 1276 Haec
1178 1215 1237 1273 in
1277 1234 1493 1274 annum
1536 1212 1884 1283 inciderunt,
1921 1232 2040 1291 quo
2076 1211 2182 1293 Sp.

286 1310 587 1371 Carvilius
624 1311 729 1393 Sp.
775 1311 845 1372 F.
876 1312 952 1374 C.
983 1311 1103 1372 N.⁹
1149 1312 1477 1383 Maximus,
1505 1311 1590 1379 Q.
1620 1310 1844 1371 Fabius
1885 1310 1969 1378 Q.
2000 1309 2071 1370 F.
2100 1310 2183 1376 Q.

284 1406 383 1467 N.
412 1407 719 1469 Maximus
743 1409 1130 1480 Verrucosus,
1152 1418 1393 1490 uterque
1419 1411 1650 1478 iterum,
1669 1406 1939 1467 consules
1963 1406 2186 1467 fuere!-

368 1511 469 1565 32.
514 1505 641 1566 Sub
673 1506 828 1567 idem
862 1516 1093 1588 tempus
1117 1507 1187 1567 L.
1218 1506 1565 1568 Postumius
1588 1504 1954 1587 proconsule,
1980 1506 2084 1585 qui
2123 1505 2183 1565 in
2239 1519 2415 1587 Polyb.
2450 1534 2515 1571 u.

286 1601 540 1684 Illyrico
582 1603 1033 1684 hybernaverat,
1061 1603 1286 1683 legatos
1325 1604 1403 1664 ad
1428 1604 1761 1664 AEtolorum
1798 1603 2186 1663 Achaeorum-
2210 1591 2291 1639 ¹²·

286 1719 406 1779 que
448 1701 697 1781 populos
737 1700 1005 1782 Corcyra
1029 1702 1207 1773 misit,
1235 1701 1312 1761 ad
1338 1700 1752 1783 exponendum
1779 1699 1862 1760 rei
1888 1709 2068 1779 gestae
2095 1720 2187 1761 or·-

285 1796 507 1869 dinem,
535 1798 749 1878 quibus
771 1799 962 1860 causis
986 1798 1212 1860 bellum
1239 1799 1395 1859 istud
1419 1807 1775 1879 susceptum,
1802 1819 1922 1878 qua
1956 1797 2190 1859 fortuna

286 1901 539 1972 gestirm,
566 1897 893 1976 quibusque
935 1896 1368 1958 conditionibus
1407 1895 1638 1955 finitum
1672 1901 1841 1956 efflet.
1926 1895 2190 1956 Comiter

285 1993 527 2073 excepti
568 1993 939 2075 studioseque
980 1994 1166 2054 auditi
1199 2003 1354 2065 sunt,
1399 1993 1560 2073 quod
1599 2012 1688 2054 eae
1727 1993 1992 2053 nationes
2030 1986 2186 2054 cete-

286 2086 453 2168 rique
507 2087 705 2151 Graeci
758 2091 1131 2152 vehementer
1182 2110 1424 2151 exosum
1484 2090 1784 2150 habebant
1848 2090 2188 2171 Illyriorum

288 2205 525 2258 nomen,
570 2187 652 2247 ob
700 2189 979 2249 continua
1030 2187 1359 2260 latrocinia,
1406 2207 1542 2268 quoe
1588 2190 1696 2248 sub
1743 2185 1988 2267 Agrone
2031 2186 2190 2247 Teu-

284 2291 467 2363 taque
511 2296 912 2347 exercuerant.
995 2285 1159 2346 Haee
1199 2286 1303 2346 ubi
1336 2286 1576 2346 domum
1610 2286 1879 2345 nuntiata
1909 2294 2067 2356 sunt,
2093 2305 2187 2345 se-

287 2389 462 2441 natus
502 2381 611 2442 rite
654 2390 832 2462 atque
875 2381 1075 2444 ordine
1118 2404 1156 2443 a
1194 2382 1542 2466 proconsule
1580 2381 1744 2443 facta
1779 2403 1904 2442 esse
1937 2382 2185 2453 censuit,

286 2476 585 2559 aliamque
610 2481 808 2541 statim
833 2479 1187 2559 legationem
1217 2480 1499 2552 decrevit,
1531 2500 1665 2560 quae
1692 2479 1929 2562 publico
1954 2479 2187 2538 nomine

181 2619 187 2625 -
290 2574 632 2638 Corinthios
663 2587 726 2638 et
751 2578 1146 2638 Athenienses
1172 2577 1381 2651 adiret,
1410 2576 1727 2660 populique
1758 2575 2024 2637 Romani
2063 2584 2186 2635 stu-

287 2669 449 2734 dium
493 2695 634 2755 erga
674 2673 940 2748 Graecos,
981 2684 1045 2736 et
1087 2677 1425 2758 aequitatem
1469 2696 1611 2755 erga
1648 2695 1849 2736 omnes
1891 2693 2185 2734 commen-

288 2769 474 2832 daret.
522 2794 533 2803 ·
719 2770 730 2784 ⁸

369 2874 471 2929 33.
518 2869 614 2930 Ea
653 2890 745 2930 res
783 2890 1057 2951 magnam
1083 2871 1141 2933 in
1169 2871 1241 2930 iis
1266 2872 1433 2930 terris
1458 2870 1678 2931 nomini
1704 2868 1983 2929 Romano
2007 2868 2186 2928 bene-

284 2964 611 3027 volentiam
639 2968 886 3049 peperit,
912 2968 1335 3048 confestimque
1358 2967 1599 3028 decreto
1625 2965 2054 3026 Corinthiorum
2081 2965 2187 3024 ho·

288 3081 395 3123 nor
436 3063 537 3123 hic
579 3065 799 3146 populo
835 3064 1113 3126 Romano
1146 3075 1237 3126 est
1268 3066 1523 3136 habitus,
1551 3073 1618 3124 ut
1654 3063 2030 3124 Isthmiorum
2058 3061 2186 3142 (qui
2210 3092 2376 3145 gom„

289 3159 411 3221 ludi
457 3162 611 3221 inter
651 3172 901 3242 quatuor
939 3162 1345 3224 celeberrimos
1383 3171 1520 3222 sunt
1559 3160 1839 3238 Graeciae)
1876 3159 2189 3240 participes
2210 3159 2386 3225 Polyb.

288 3258 665 3319 haberentur.
749 3258 1022 3320 Maxime
1062 3261 1249 3320 movit
1285 3280 1407 3330 eos,
1448 3267 1658 3340 praeter
1700 3254 2088 3337 Apolloniam
2127 3265 2188 3315 et
2243 3256 2457 3322 Appias.

289 3354 438 3416 alias
481 3352 681 3416 Graeci
726 3356 952 3435 generis
988 3357 1280 3428 civitates,
1327 3356 1592 3435 Corcyra
1636 3353 1893 3414 libertati
1936 3351 2186 3423 reddita,
2210 3321 2468 3451 Ili‘isseyd.

289 3472 422 3532 qnae
466 3451 707 3513 colonia
747 3452 1184 3516 Corinthiorum
1222 3453 1436 3514 fuerat.
1520 3450 1917 3512 Athenienses
1955 3469 2190 3530 quoque
2213 3467 2308 3502 vn.
2332 3456 2412 3501 1⁰·

292 3550 636 3611 societatem
673 3549 1011 3611 Romanam
1055 3550 1315 3633 amplexi
1354 3550 1758 3622 decreverunt,
1794 3557 1863 3609 ut
1903 3547 2193 3609 Romanis
2212 3517 2384 3567 ²⁰⁰⁸*

353 3716 387 3763 9
423 3712 508 3763 Ita
532 3712 765 3764 Crevier.
787 3728 852 3764 ex
876 3714 1045 3765 Fastis
1068 3714 1238 3778 Capit.
1275 3713 1408 3764 Edd.
1433 3713 1631 3778 priores
1654 3712 1745 3762 Cn.
1769 3711 1838 3759 N.

355 3888 371 3922 ¹
434 3889 641 3951 letalis
694 3907 807 3952 ergo
863 3890 1204 3954 Carthaginem
1274 3893 1703 3939 memoraverunt.
1792 3885 1968 3950 Atque
2012 3901 2188 3937 eorum

291 3955 471 4019 annis]
506 3956 625 4006 Hoc
643 3956 706 4006 ab
730 3956 971 4020 Appiano
992 3957 1202 4021 quidem
1276 3956 1446 4018 potior
1500 3954 1737 4003 habenda
1788 3951 1997 4001 videtur
2040 3951 2187 4002 fides.

296 4020 545 4077 traditum
586 4028 682 4072 est.
745 4022 847 4071 sed
892 4024 1048 4073 aliter
1089 4033 1204 4072 sen·
1278 4021 1398 4070 vid.
1443 4020 1628 4084 Polyb.
1660 4020 1697 4067 l.
1729 4031 1792 4068 u.
1825 4032 1870 4066 c.
1911 4020 1989 4067 18.
2018 4027 2072 4067 et
2098 4032 2186 4069 nr.

296 4099 409 4134 sere
436 4086 612 4136 Livius
637 4094 692 4136 et
718 4085 984 4150 Polybius,
1001 4088 1087 4152 qui
1111 4088 1209 4136 hoc
1278 4089 1361 4137 21.
1382 4090 1463 4136 27.
1495 4089 1578 4135 29.
1603 4087 1662 4135 et
1692 4083 1914 4144 Livium,
1947 4082 2036 4131 lib.
2067 4096 2186 4135 xxi.

295 4148 461 4201 fedus
494 4165 610 4202 cnm
646 4150 942 4202 Asdrubale
971 4155 1099 4211 solo,
1133 4152 1209 4202 in·
1280 4165 1433 4216 capp.
1455 4156 1505 4202 2.
1526 4153 1603 4199 18.
1623 4155 1679 4199 et
1705 4152 1781 4198 19.
1819 4147 1960 4197 Creu.

298 4216 414 4267 sciis
433 4225 490 4268 et
515 4218 821 4268 inconsultis
843 4227 1029 4268 senatu
1049 4227 1102 4267 et
1121 4231 1209 4280 po-
1342 4224 1381 4250 ·
1412 4214 1481 4267 Α.
1504 4215 1572 4266 U.
1595 4215 1659 4267 C.
1680 4216 1795 4268 624.
1825 4212 1895 4266 A.
1915 4213 1975 4265 C.
1997 4215 2118 4268 228.

298 4283 418 4346 pulo
446 4283 886 4348 Carthaginiensi,
907 4282 1071 4335 ictum
1094 4295 1210 4334 esse
