3025 4892
834 386 1042 436 mum
1093 384 1271 435 xm.
1317 382 1962 435 susannam-uu.
2341 367 2527 433 1443·

285 538 455 617 ginta
482 535 745 617 reperioz
791 522 1074 596 ducentos
1113 534 1505 615 quadraginta
1535 554 1641 596 sex
1679 534 1943 615 equites:
1987 544 2191 617 captos

286 636 345 693 in
392 635 724 694 universum
763 632 925 694 mille
968 634 1331 713 octingentos
1373 632 1708 705 duodecim,
1736 634 1794 692 in
1840 633 1931 693 his
1966 633 2192 713 equites

283 732 437 792 duos
459 740 523 792 et
548 732 945 809 octingentos:
990 731 1202 790 amissa
1228 732 1396 810 signa
1421 729 1703 792 militaria
1725 730 1846 791 duo
1880 741 1942 791 et
1963 730 2190 809 viginti.

364 837 429 890 9.
461 828 606 895 Quo
630 828 817 907 magis
842 828 1015 888 miror
1039 837 1328 901 auctores,
1355 828 1457 909 qui
1483 829 1613 890 hoec
1638 838 1762 889 tam
1789 837 2060 888 accurate
2086 848 2191 887 ex·
2249 834 2389 886 Oros.
2440 849 2515 884 ιν.

286 926 449 986 ecnti
477 933 635 995 unt,
663 945 875 1004 negare
901 945 1202 985 numerum
1227 945 1305 985 ex
1347 926 1506 1005 regio
1548 927 1809 986 exercitu
1836 925 2192 986 desiderato-
2218 905 2268 951 ¹·

288 1044 417 1083 rum
464 1031 809 1083 annotatum
851 1043 1010 1083 eme:
1078 1043 1213 1083 cum
1257 1021 1579 1103 Dionysius
1627 1024 1843 1084 scribat
1887 1023 2192 1084 Loevinum
2218 1031 2350 1082 Plut.

287 1120 549 1181 misisse
582 1118 762 1201 paulo
790 1120 980 1179 minus
1004 1119 1191 1180 millia
1214 1119 1573 1201 quindecim,
1607 1119 1888 1180 tredecim
1915 1122 2196 1181 interiisse

287 1238 366 1277 ex
393 1217 747 1286 victoribus3
796 1216 1202 1298 Hieronymus
1244 1226 1441 1278 autem
1469 1216 1821 1289 Cardianus,
1849 1216 2093 1297 aequalis
2118 1217 2194 1276 is-

290 1324 482 1375 torum
530 1325 857 1395 temporum
896 1315 1161 1395 scriptor,
1186 1313 1281 1374 de
1326 1312 1607 1374 Romano
1632 1314 1894 1374 exercitu
1921 1333 2036 1374 non
2063 1313 2196 1395 plus

290 1425 517 1497 septem
554 1414 819 1476 >millibus
856 1416 1135 1477 cecidisse
1170 1416 1388 1487 tradat,
1430 1416 1506 1477 de
1546 1417 1705 1496 regio
1749 1418 1902 1478 intra
1944 1428 2197 1498 quatuor

292 1513 501 1573 millia.
587 1511 710 1574 Sed
749 1514 863 1574 hoc
904 1515 1052 1574 inter
1097 1534 1298 1575 omnes
1337 1524 1591 1587 constat,
1632 1514 2013 1577 flor'e'ducum
2040 1515 2193 1576 mili-

293 1621 541 1691 tumque
566 1631 800 1675 suorum
824 1611 1128 1674 victoriam
1154 1632 1287 1673 eam
1313 1612 1556 1694 Pyrrho
1580 1614 1936 1674 constitisse:
1978 1619 2195 1695 e'xcep-
2251 1618 2391 1669 Oros.
2445 1630 2522 1664 xv.

292 1704 802 1788 taequedicuntur
840 1729 1036 1781 voces,
1079 1719 1098 1747 ‘
1127 1728 1243 1769 non
1284 1711 1477 1770 minus
1516 1711 1856 1795 victum‘se·
1882 1731 1954 1771 eo
1997 1711 2198 1792 praelio
2221 1690 2271 1735 ¹⁰

296 1824 479 1884 quam
504 1805 787 1866 victorem
826 1804 1195 1877 discefflssess
1237 1806 1495 1867 ferentis.
1540 1806 1741 1867 Etiam
1766 1827 1902 1868 cum
1927 1807 2198 1868 Tarenti-

295 1922 373 1962 no
400 1901 544 1963 Jovi
570 1902 759 1983 spolia
787 1901 1060 1983 donaque
1087 1902 1313 1983 figeret,
1339 1899 1527 1965 fassus
1550 1905 1662 1965 hoc
1687 1904 1892 1976 fertur,
1920 1905 2201 1989 inscripto

295 1988 426 2078 ejus
468 2000 773 2060 sententiae
816 1999 1029 2060 titulo:
1071 2002 1563 2083 querentibusque
1607 2002 1777 2063 sociis
1819 2001 2200 2084 respondisse,

295 2106 313 2131 ⁸
334 2117 428 2157 nae
452 2117 589 2176 ego,
615 2097 663 2157 si
690 2097 895 2159 iterum
931 2098 1016 2160 sic
1038 2098 1255 2170 vicero,
1281 2100 1405 2160 sine
1447 2099 1632 2160 milite
1663 2108 1919 2161 revertar
1962 2100 2023 2160 in
2053 2099 2203 2182 Epi-

297 2195 467 2254 ruini.2
552 2192 759 2275 Ipsum
799 2214 1034 2276 quoque
1072 2215 1266 2275 regem
1295 2196 1409 2258 hoc
1435 2196 1639 2277 praelio
1664 2217 1840 2276 grave
1865 2196 2077 2258 vulnus
2102 2217 2200 2258 ac-
2224 2204 2394 2252 Zomr.

296 2291 541 2372 cepisse,
570 2300 869 2352 auctorem
893 2292 1121 2353 habeo:
1164 2291 1269 2353 sed
1310 2294 1587 2374 quoniam
1614 2293 1716 2354 alii
1756 2293 1878 2354 tale
1910 2294 2052 2354 nihil
2080 2304 2199 2354 tra-
2254 2300 2287 2351 J
2290 2301 2432 2351 nstin.

296 2387 595 2459 didcmnt,
620 2408 906 2469 casusque
931 2389 1291 2450 diversarum
1316 2410 1642 2471 pugnarum
1667 2391 1896 2469 misceri
1935 2411 2199 2452 nonnun-
2227 2383 2386 2419 ΠΨ·
2409 2371 2460 2416 ¹·

298 2506 479 2567 quam
504 2486 714 2555 videm
758 2505 874 2547 non
902 2487 1087 2549 ausim
1130 2488 1252 2560 uni,
1291 2487 1350 2547 in
1375 2486 1607 2548 silentio
1646 2486 1899 2570 plurium
1939 2496 2002 2548 et
2024 2507 2199 2549 aceu-

297 2584 603 2655 ratiorum,
628 2582 884 2646 credere.
2109 2624 2124 2635 -

376 2685 481 2743 lo.
525 2680 758 2760 Magna
783 2680 1046 2763 profecto
1070 2682 1393 2764 pertinacia
1415 2692 1704 2744 certatum
1732 2702 1856 2743 esse
1884 2681 1996 2742 hoc
2020 2679 2199 2740 etiam

298 2788 646 2858 argumento
670 2778 866 2851 fuerit,
908 2780 1068 2861 quod
1110 2780 1388 2862 postridie
1433 2781 1563 2859 ejus
1605 2798 1837 2862 pugnae,
1863 2797 1998 2839 cum
2022 2797 2202 2839 caeso-
2258 2764 2366 2815 Liv.
2392 2763 2529 2831 Epit-

298 2895 426 2935 rum
450 2895 702 2956 corpora
744 2875 1016 2958 Pyrrhus
1056 2878 1385 2959 inspiceret,
1428 2897 1563 2959 quae
1608 2877 1685 2937 a'd
1727 2875 2103 2937 humanitatis
2144 2882 2207 2936 et
2230 2842 2360 2925 ,μα’

300 2971 634 3033 clementiae
672 2972 892 3035 famam
935 2975 1162 3035 humari
1194 2976 1487 3054 jusserat;
1553 2973 1863 3036 Romanos
1904 2992 2105 3034 omnes
2146 2971 2206 3031 in
2231 2977 2432 3043 Eutrop-

302 3069 529 3130 hostem
571 3090 768 3131 versos
804 3072 1062 3132 honestis
1100 3071 1438 3133 vulneribus
1462 3071 1774 3154 oppetiisse
1800 3091 2062 3142 cernens,
2100 3089 2206 3130 ex·
2264 3073 2393 3126 Flor.
2409 3076 2533 3122 ωδ.

300 3167 624 3228 clamavit:
671 3177 689 3204 ‘
720 3168 777 3229 Ο
806 3189 983 3251 quam
1010 3168 1268 3252 proclive
1303 3169 1447 3229 mihi
1472 3179 1601 3229 erat
1628 3168 1809 3229 Orbis
1834 3167 2077 3249 imperio
2101 3187 2206 3247 po-
2230 3148 2285 3191 et
2302 3141 2496 3198 zwn'·

303 3266 393 3325 tiri
437 3263 754 3325 Romanos
794 3266 1037 3326 habenti
1083 3265 1295 3326 milites
1313 3266 1330 3325 l
1351 3267 1369 3296 '
1412 3264 1635 3346 Neque
1663 3274 1972 3326 cunctatus
1995 3271 2084 3323 est
2107 3284 2206 3323 eo-

302 3382 453 3434 rum,
474 3382 629 3442 quos
643 3362 702 3421 in
721 3372 1009 3443 potestate
1026 3363 1307 3435 habebat,
1325 3362 1550 3423 animos
1575 3361 1970 3444 appellatione
1985 3359 2209 3421 blanda
2265 3357 2364 3408 Dio
2428 3368 2508 3417 ⁸1²·

306 3460 652 3540 magnisque
683 3460 974 3540 promissis
998 3460 1235 3531 adoriri,
1257 3470 1324 3520 ut
1342 3459 1501 3543 apud
1518 3480 1579 3520 se
1595 3458 1887 3542 stipendia
1911 3458 2205 3519 facerent:
2233 3426 2402 3477 νώ*

304 3566 363 3616 et
386 3557 650 3617 abnuere
678 3566 1109 3637 perseverantes
1135 3555 1317 3617 nihilo
1342 3557 1578 3638 sequius
1602 3556 1931 3616 humaniter
1955 3554 2209 3617 clemen-

305 3665 509 3736 terque
534 3655 768 3726 habuit,
795 3664 857 3715 et
882 3654 1268 3725 vinculorum,
1293 3664 1356 3714 et
1379 3654 1566 3716 omnis
1591 3674 1726 3735 quae
1751 3654 2043 3714 fortunam
2068 3673 2208 3733 cap-

304 3753 556 3814 tivorum
583 3752 852 3813 comitari
876 3752 1026 3813 solet
1049 3752 1440 3824 contumeliae,
1457 3761 1747 3833 expertes.
1793 3750 1887 3810 At
1905 3749 2211 3809 Romanos

309 3849 507 3930 praelio
534 3859 658 3909 tam
687 3848 842 3911 male
868 3859 1144 3930 acceptos
1168 3848 1287 3909 alia
1311 3868 1451 3908 mox
1480 3847 1681 3909 clades
1705 3846 1928 3919 terruit,
1946 3855 2012 3905 ut
2036 3844 2209 3924 longe
2232 3841 2378 3893 01⁰⁸·

310 3947 492 4028 impar
517 3947 895 4017 detrimento,
922 3948 1007 4006 ita
1030 3947 1268 4025 majoris
1298 3945 1602 4027 aliquanto
1633 3943 1959 4005 formidinis
1993 3951 2053 4002 et
2078 3942 2211 4003 reli-

313 4044 511 4121 gionis.
598 4041 772 4103 Nam
815 4042 893 4103 ad
931 4042 1301 4105 manifestam
1345 4042 1609 4103 Deorum
1650 4043 1796 4102 iram
1837 4038 2213 4110 referebatur,

313 4140 465 4219 quod
506 4139 890 4221 pabulatores
931 4139 1081 4201 forte
1122 4139 1387 4204 dimissos
1427 4140 1622 4203 subito
1662 4147 1862 4199 coorta
1900 4144 2216 4216 tempestas

317 4237 396 4299 ita
421 4237 780 4323 perculerat,
807 4246 874 4302 ut
897 4237 1046 4298 inter
1070 4236 1401 4301 horribilem
1421 4235 1553 4298 coeli
1572 4234 1858 4315 fragorem
1872 4231 2217 4301 cadentibus
