3025 4892
871 360 1079 411 unm
1131 360 1296 410 xiv.
1345 360 1991 411 surrnsmssu'rum.
2366 344 2540 414 1477

301 527 519 567 manus
569 505 647 568 ad
697 524 931 567 sacram
976 508 1286 589 pecuniam
1337 505 1657 567 extendere
1702 507 1900 587 coepit,
1952 507 2217 589 pessimis
2271 504 2480 572 mmm*-

298 607 649 675 amicorum,
698 606 802 684 qui
848 604 1192 686 plerumque
1230 605 1624 665 nocentissimi
1670 607 1956 685 cujusque
1989 604 2216 665 consilii

298 711 579 763 auctores
603 701 856 773 fuerant,
885 701 1270 783 cupiditatem
1296 704 1428 781 ejus
1453 700 1971 763 inflammantibus.

385 806 489 859 24.
536 799 725 858 Erant
750 808 947 869 autem
976 799 1036 859 hi
1063 799 1370 878 Evagoras
1402 798 1700 859 Theodori
1724 798 1903 870 filius,
1931 798 2212 861 Balacer·

301 917 424 976 que
452 895 789 967 Nicandro,
817 906 882 956 et
909 897 1244 957 Dinarchus
1287 895 1476 956 Nicia
1511 896 1761 974 genitus.
1847 895 1905 956 Ii
1938 917 2054 958 non
2080 918 2214 957 sua-

298 1015 464 1053 sores
487 995 668 1054 modo
695 993 931 1054 fuerunt
956 994 1215 1075 Pyrrho,
1238 994 1570 1053 necessitati
1609 994 1807 1054 omnia
1829 994 2038 1055 cedere
2065 1015 2213 1076 prae-

297 1090 598 1161 dicautes,
625 1090 728 1150 sed
758 1091 1138 1151 ministerium
1164 1112 1397 1172 quoque
1424 1110 1592 1150 suum
1618 1091 1923 1170 sacrilegio
1947 1094 2214 1173 praebue-

300 1199 477 1249 runt:
538 1189 760 1267 ingenti
802 1186 1056 1268 pondere
1098 1189 1247 1258 auri,
1294 1188 1454 1271 quod
1496 1188 1714 1247 multos
1738 1209 1842 1269 per
1867 1207 2051 1248 annos
2074 1190 2211 1249 sub·
2235 1175 2366 1227 Smd.
2386 1192 2438 1224 ¹¹²
2456 1176 2534 1227 A·

298 1286 587 1346 terraneis
614 1287 675 1344 in
700 1286 989 1366 specubus
1014 1294 1372 1346 asservatum
1397 1285 1614 1355 fuerat,
1634 1294 1826 1347 eruto.
1865 1284 2061 1346 Laetus
2085 1286 2211 1359 ille,
2235 1239 2450 1371 gaggi!

303 1382 641 1461 ‘religione
692 1383 1104 1464 intempestiva
1154 1383 1298 1443 nihil
1351 1384 1626 1463 ineptius,
1675 1403 1932 1464 opesque
1976 1393 2212 1464 paratas

301 1499 421 1539 non
450 1481 722 1561 accipere
747 1479 1037 1541 dementis
1058 1500 1206 1552 esse,
1224 1479 1575 1552 ’dictitans‚
1604 1479 1937 1560 impositam
1962 1482 2211 1542 navibus

302 1576 569 1657 praedam
611 1577 930 1637 Tarentum
973 1578 1143 1638 avehi
1178 1577 1393 1657 jussit:
1438 1578 1561 1658 ipse
1598 1586 1755 1638 terra
1779 1586 1870 1637 est
1892 1577 2204 1658 profectus.
2251 1587 2361 1636 Liv.
2380 1603 2537 1638 xxxx.

304 1672 591 1735 Ceterum
617 1673 843 1735 facinus
866 1674 923 1736 ei
948 1696 1118 1735 suum
1160 1696 1275 1735 non
1311 1677 1539 1756 turpius
1570 1683 1783 1756 coept0,
1809 1695 1987 1754 quam
2014 1675 2203 1737 infeli·
2232 1656 2314 1703 ¹3

299 1772 429 1832 cius
454 1781 670 1832 eventu
696 1771 826 1833 fuit.
914 1772 1126 1834 Subita
1151 1782 1468 1884 tempestas
1493 1771 1703 1832 adorta
1724 1772 1992 1844 classem,
2019 1775 2209 1834 ventis
2230 1782 2439 1848 Dionys.

302 1870 411 1928 sub
470 1878 706 1931 noctem
755 1871 1136 1941 mutantibus,
1181 1871 1283 1951 qui
1335 1869 1586 1929 ferentes
1626 1870 1909 1929 hactenus
1953 1869 2208 1941 fuerant,
2231 1847 2534 1963 {appiam

302 1985 486 2027 naves
510 1968 574 2027 in
601 1968 857 2028 tenebris
888 1968 1276 2029 circumactos
1317 1968 1533 2048 partim
1567 1966 1873 2046 confregit,
1909 1969 2122 2048 partim
2147 1968 2205 2027 in
2233 1982 2313 2028 18.

301 2062 518 2124 fretum
570 2064 818 2145 expulit.
902 2063 1026 2125 Sed
1077 2085 1211 2145 quae
1256 2085 1483 2125 sacram
1533 2066 1842 2146 pecuniam
1892 2065 2208 2136 vehebant,

303 2172 598 2242 quassatae
627 2161 1017 2243 lacerataeque
1040 2162 1209 2222 undis
1232 2163 1682 2244 irrumpentibus
1694 2182 1830 2223 cum
1858 2162 1995 2243 ipsis
2020 2163 2208 2222 homi-

304 2260 480 2320 nibus
507 2259 879 2319 interierunt:
923 2260 1230 2341 pecuniam
1271 2270 1467 2321 autem
1511 2259 1749 2340 reliquis
1786 2280 1863 2319 ex
1905 2259 2209 2339 naufragio
2252 2277 2359 2326 Liv.
2374 2293 2532 2329 xxxx

302 2356 525 2416 tabulis
576 2356 911 2428 haerentem,
965 2357 1243 2439 postridie
1298 2378 1476 2438 quam
1530 2366 1842 2438 exportata
1881 2355 2098 2428 fuerat,
2146 2357 2204 2416 in
2231 2346 2375 2456 ⁸3,ss
2401 2407 2532 2457 Max

306 2454 505 2513 vicina
527 2452 669 2513 fano
695 2454 897 2515 littora
920 2454 1132 2515 fluctus
1158 2454 1496 2515 retulerunt.
2234 2489 2272 2521 ι.
2294 2479 2338 2523 ι.
2355 2489 2392 2522 ι.
2415 2482 2512 2520 ext.

382 2558 487 2611 25.
534 2550 635 2611 Re
664 2551 989 2623 intellecta,
1018 2553 1352 2613 thesaurum
1369 2573 1602 2612 omnem
1630 2551 1940 2630 diligenter
1962 2551 2210 2661 conqui-
2251 2568 2359 2618 Ην
2375 2585 2532 2619 xx1x

304 2650 482 2709 situm
510 2647 711 2709 referri
756 2648 834 2708 ad
876 2650 1149 2730 pristinas
1187 2649 1355 2710 sedes
1383 2651 1586 2729 jussit,
1615 2669 1821 2729 pacem
1848 2648 2117 2718 numinis,
2145 2657 2212 2707 ut
2233 2638 2353 2747 lgm
2337 2699 2404 2747 d
2450 2700 2498 2747 in

307 2747 582 2827 putabat,
608 2747 723 2806 hoc
749 2746 909 2807 facto
939 2747 1364 2828 impetraturus.
1453 2746 1674 2828 Neque
1701 2755 1895 2805 tamen
1924 2745 2059 2804 ideo
2086 2764 2208 2804 me·
2234 2763 2530 2827 namma-

308 2841 552 2904 lioribus
576 2842 855 2925 deinceps
880 2843 1018 2905 fatis
1043 2865 1179 2905 usus
1209 2854 1319 2917 est,
1358 2864 1560 2905 omnes
1584 2846 1714 2924 ejus
1735 2853 2000 2912 conatus,
2027 2842 2206 2902 etiam
2230 2848 2385 2948 ¹²13ssoe-

308 2941 524 3019 quibus
547 2942 857 3002 consilium
886 2952 947 3002 et
971 2943 1156 3002 virtus
1181 2962 1297 3002 non
1324 2941 1626 3012 abfuisset,
1654 2939 1929 3001 eludente
1955 2938 2207 3000 fortuna.
2233 2961 2445 3027 Dionys

312 3035 515 3104 Quam
542 3038 643 3098 ille
670 3058 791 3099 rem
814 3049 878 3100 et
920 3049 1125 3120 postea
1159 3047 1494 3100 constanter
1536 3038 1612 3098 ad
1643 3037 1766 3098 laesi
1792 3037 2040 3097 numinis
2067 3039 2211 3098 iram

312 3135 627 3207 referebat,
674 3136 759 3197 uti
805 3136 1123 3197 Proxenus
1163 3136 1419 3196 historiae
1462 3137 1728 3216 scriptor,
1770 3144 1947 3215 atque
1988 3134 2110 3214 ipse
2154 3134 2211 3193 in

312 3232 744 3296 commentariis
782 3235 902 3293 suis
955 3234 1224 3314 Pyrrhus
1272 3240 1593 3302 memorat3
1654 3241 1715 3292 et
1750 3233 1969 3292 recenti
2020 3230 2214 3291 adhuc

312 3332 493 3402 malo,
538 3350 699 3401 cum,
741 3326 1119 3413 Proserpinae
1162 3329 1520 3400 sacrificans,
1556 3329 1755 3389 multis
1803 3328 2006 3389 hostiis
2044 3327 2214 3387 litare
2238 3325 2448 3393 Appian-

314 3449 424 3490 non
458 3436 679 3510 posset,
708 3429 929 3489 exarsit
953 3428 1127 3500 adeo,
1161 3437 1229 3488 ut
1268 3437 1513 3488 cunctos
1548 3425 1796 3486 infelicis
1820 3425 2047 3486 consilii
2077 3446 2215 3486 auc-

316 3535 465 3587 tores
513 3546 586 3585 ac
629 3526 941 3597 ministros,
967 3527 1184 3606 quique
1211 3524 1439 3585 facinus
1470 3523 1623 3583 istud
1652 3542 1988 3602 aggressum
2011 3522 2106 3583 vel
2133 3522 2217 3582 le-

315 3625 461 3685 viter
506 3633 943 3695 consenserant,
971 3625 1048 3685 de
1084 3623 1278 3684 medio
1320 3622 1572 3681 tolleret.
1657 3621 1867 3701 Atque
1892 3621 1955 3680 hi
1980 3619 2218 3700 quidem

318 3721 556 3801 dignum
585 3720 842 3781 moribus
865 3720 1151 3801 factisque
1177 3720 1299 3781 suis
1312 3720 1536 3779 exitum
1553 3717 1901 3778 habuerunt.
1948 3717 2219 3796 Pyrrhus

320 3831 534 3890 autem,
574 3818 905 3878 institutum
932 3826 1289 3900 prosecutus,
1343 3817 1543 3898 quieto
1557 3814 1832 3897 deinceps
1867 3814 2067 3874 itinere
2091 3813 2214 3873 Ta-

321 3927 543 3976 rentum
574 3915 858 3996 pervenit.

395 4020 498 4076 26.
542 4011 834 4083 Romani,
860 4032 997 4074 cum
1022 4015 1302 4092 majorem
1334 4012 1394 4071 in
1420 4010 1662 4072 modum
1689 4017 1917 4089 urgeret
1941 4008 2218 4090 postilen-

320 4109 424 4179 tia‚
451 4110 793 4192 Pyrrhique
819 4110 878 4169 in
907 4108 1151 4170 Italiam
1177 4109 1365 4169 reditu
1390 4107 1535 4168 belli
1559 4108 1731 4168 timor
1754 4108 2048 4175 crevisset,
2077 4105 2222 4167 nihil

326 4205 596 4269 adversus
639 4208 755 4268 ista
794 4206 891 4268 vel
938 4207 1179 4268 humani
1224 4206 1501 4288 praesidii,
1531 4206 1627 4267 vel
1658 4204 1844 4271 divini
1871 4204 2216 4264 intentatum

2260 3795 2388 3845 Plut.
2424 3797 2473 3844 in

2230 3860 2439 3977 {sytriam
2493 3877 2539 3912 c.
