3025 4892
883 367 1093 417 unm
1144 367 1256 419 xi.
1302 367 1952 419 susannam-uu.
2375 352 2550 420 1419

318 512 579 585 maxime
597 510 855 571 distineri
884 531 1089 592 pacem
1106 511 1361 572 civitatis
1377 511 1745 591 intelligeret,
1763 511 1922 594 quod
1935 513 2087 573 scita
2110 531 2218 574 sua

318 610 639 682 contemni,
668 608 971 689 legemque
988 608 1318 671 Publiliam
1334 610 1549 691 sperni,
1574 609 1745 690 plebs
1768 609 2000 689 indigne
2018 608 2214 683 ferret,
2272 611 2385 664 Liv.
2423 628 2547 664 vm.

319 727 662 787 quanquam
687 706 885 767 multis
910 706 1350 779 reluctantibus,
1366 704 1693 767 cedendum
1709 707 2066 788 temporibus
2091 726 2216 768 esse
2238 681 2323 729 η’

318 804 583 864 censuit:
607 822 873 883 novaque
889 802 1018 882 lege
1040 803 1101 862 in
1129 803 1479 865 AEsculeto*
1507 802 1634 864 lata
1661 804 1870 864 iterum
1894 803 2222 865 accuratius
2272 808 2405 860 Plin.
2431 824 2546 862 xvi.

319 901 545 971 anxit,
572 910 591 935 ‹
610 909 697 971 ut,
716 900 876 981 quod
902 899 1106 981 plebes
1119 901 1410 979 jussisset,
1439 921 1641 961 omnes
1666 900 1931 968 Quirites
1956 902 2222 964 teneret)
2244 880 2326 990 ¹2·
2393 939 2527 990 mu.

324 996 454 1061 His
494 996 739 1077 aliisque
781 996 1106 1056 lenimentis
1146 1007 1421 1058 revocata
1446 996 1526 1057 ad
1566 998 1939 1059 concordiam
1979 1006 2041 1058 et
2071 998 2225 1059 lares
2247 972 2344 1056 xv:
2358 1009 2442 1056 2⁷.

320 1112 463 1157 suos
501 1094 697 1176 plebe,
737 1094 1014 1166 dictator,
1054 1094 1176 1155 sive
1216 1095 1404 1156 morbi
1443 1095 1640 1155 subita
1682 1096 1766 1166 vi,
1809 1095 1931 1154 sive
1962 1095 2116 1157 curis
2165 1103 2228 1156 et

323 1190 624 1252 laboribus
661 1210 989 1272 oppressus,
1016 1191 1175 1271 quod
1202 1200 1378 1253 antea
1404 1192 1620 1255 nemini
1644 1192 1988 1270 contigerat,
2018 1192 2075 1251 in
2101 1211 2227 1251 ma·
2279 1201 2409 1281 4¹!ss·
2465 1200 2529 1277 ὰς

322 1288 571 1368 gistrntu
611 1297 872 1349 mortuus
904 1298 1010 1349 est.
1082 1287 1237 1349 Inde
1261 1288 1449 1348 minor
1473 1287 1835 1369 aliquamdiu
1859 1287 2127 1348 ordinum
2169 1288 2228 1348 in
2251 1265 2424 1383 2¹:¹27
2433 1265 2550 1323 Dea,

326 1386 472 1445 urbe
497 1385 776 1445 dissensio
800 1383 946 1445 fuit:
977 1383 1082 1445 sed
1109 1385 1334 1466 imperii
1360 1385 1575 1446 sensim
1598 1383 1927 1445 deformata
1952 1384 2228 1464 dignita,
2324 1368 2338 1383 ⁶
2429 1365 2444 1380 ⁰

322 1501 465 1545 cum
495 1481 669 1562 plebe
696 1480 775 1541 ad
807 1481 1241 1542 ambitiosorum
1267 1482 1566 1543 hominum
1588 1481 1824 1542 fraudes
1853 1501 2059 1563 parum
2086 1501 2229 1543 cau·

325 1587 413 1648 ta,
441 1587 525 1649 et,
551 1577 647 1637 vel
673 1579 975 1658 potestatis
998 1577 1343 1641 exercendae
1378 1598 1579 1650 causa,
1601 1578 1960 1659 quibuslibet
1983 1578 2233 1657 rogatio-

328 1674 501 1735 nibus
527 1674 882 1755 accipiendis
906 1674 1092 1745 facili,
1109 1674 1297 1735 multa
1310 1676 1712 1747 miscerentur,
1729 1694 1863 1756 quae
1890 1674 2228 1757 reipublicae

327 1768 533 1842 decus,
585 1780 649 1830 et
699 1770 778 1831 ad
826 1781 1154 1832 extremum
1202 1772 1330 1852 ipsa
1370 1770 1753 1832 fundamenta
1790 1768 2226 1833 convellerent:

328 1864 743 1929 documentum
770 1868 989 1948 insigne
1005 1889 1097 1929 res
1109 1868 1461 1948 regentibus,
1478 1888 1553 1928 ne
1567 1868 1798 1947 vulgus,
1815 1868 1864 1928 si
1879 1889 1940 1928 re
1955 1867 2232 1929 familiari

329 1964 643 2024 commoda
692 1964 779 2025 uti
826 1964 1030 2045 possit,
1088 1968 1313 2045 majora
1379 1985 1496 2025 non
1545 1966 1956 2044 cogitaturum,
2008 1965 2232 2043 injuriis

328 2059 758 2141 opulentiorum
783 2060 861 2119 ad
887 2060 1270 2142 cupiditatem
1286 2062 1614 2142 potestatis,
1630 2081 1752 2141 qua
1766 2062 1851 2122 uti
1867 2080 1984 2121 non
2000 2059 2230 2133 didicit,

330 2155 494 2235 adigi
519 2158 837 2237 patiantur.

408 2259 511 2315 28.
556 2253 775 2332 Legem
816 2272 1051 2334 quoque
1083 2252 1160 2312 de
1205 2253 1495 2334 suffragiis
1536 2256 1755 2315 circum
1798 2254 1926 2314 haec
1967 2263 2234 2335 tempora

328 2349 514 2410 latam
539 2370 665 2411 eme
689 2332 1057 2420 crediderim,
1077 2369 1197 2428 qua
1223 2348 1440 2411 Patres
1467 2351 1526 2410 in
1557 2351 1926 2411 comitiorum
1949 2352 2233 2411 incertum
2257 2357 2363 2411 Ην.
2387 2375 2424 2410 ι.
2451 2364 2530 2411 17.

329 2455 606 2507 eventum
631 2455 898 2507 auctores
919 2443 1046 2505 fieri
1071 2446 1451 2524 cogebantur.
1498 2446 1815 2508 Hactenus
1827 2447 1984 2506 enim
2010 2467 2083 2507 eo
2097 2446 2234 2525 jure

330 2543 667 2613 utebantur,
705 2543 791 2603 uti
831 2542 1233 2620 magistratum
1274 2563 1471 2622 gerere
1502 2560 1619 2605 non
1653 2553 1867 2625 posset,
1899 2543 1995 2602 cui
2028 2543 2230 2625 populi
2289 2548 2396 2600 Cic.
2438 2562 2525 2612 pro

329 2640 622 2718 unffi-agiis
660 2638 838 2699 datus
875 2647 1051 2711 osset,
1092 2639 1203 2698 nisi
1246 2639 1465 2700 Patres
1495 2649 1764 2701 auctores
1792 2639 2036 2701 fuissent
2065 2638 2228 2701 facti.
2257 2613 2425 2663 mmm
2443 2630 2487 2663 ⁰⁶
2508 2617 2559 2663 ⁸⁶

332 2734 803 2796 Continebanuu·
854 2735 1141 2795 interdum
1210 2736 1323 2796 hoc
1374 2735 1611 2797 vinculo
1663 2735 1993 2817 improvida
2047 2735 2234 2815 plebis

329 2831 560 2892 stridia:
605 2840 669 2893 et
697 2851 1035 2912 quanquam
1059 2852 1190 2895 raro
1218 2833 1704 2914 reprehenderent
1725 2834 1965 2894 comitia
1992 2832 2230 2911 Patres,

328 2936 553 2999 tamen,
570 2930 712 3010 quia
715 2931 819 3008 jus
832 2929 973 3010 ipsis
995 2937 1145 2999 erat,
1160 2939 1442 3010 tanquam
1469 2931 1866 3011 reprehensuri
1891 2929 2231 2990 metueban-

330 3030 444 3093 tur.
529 3024 689 3085 Tum
739 3046 878 3088 vero
933 3025 1154 3086 ferente
1210 3024 1398 3106 legem
1450 3027 1684 3088 tribuno
1736 3024 1926 3108 plebis
1983 3024 2231 3096 Maeuio,
2258 3034 2422 3084 (καίει
2437 3035 2559 3083 Bm-

331 3120 539 3202 populi
566 3121 803 3202 quidem
831 3132 1008 3184 aucta
1044 3131 1338 3204 potestas3
1383 3122 1488 3187 sed
1519 3123 1726 3184 eadem
1771 3143 1952 3204 opera
1988 3121 2236 3183 salubris
2258 3108 2327 3166 ‘⁰’
2346 3116 2391 3150 ο·
2413 3103 2495 3151 ¹⁴·

333 3227 396 3278 et
417 3219 758 3300 reipublicae
785 3219 1001 3280 decora
1024 3220 1390 3280 comitiorum
1415 3220 1695 3281 severitas
1717 3218 2027 3279 debilitata
2053 3226 2160 3278 est.
2306 3295 2317 3308 ι
2408 3296 2419 3308 ·

412 3320 518 3375 29.
563 3314 650 3382 Q.
693 3314 1018 3377 Hortensio
1070 3315 1357 3379 dictatore
1406 3326 1658 3387 mortuo,
1713 3325 1975 3376 creatum
2030 3314 2233 3385 alium,
2261 3295 2564 3408 Psshffl·

336 3410 581 3491 quidam
631 3421 896 3473 auctores
934 3422 1089 3484 sunt,
1144 3413 1228 3474 rei
1271 3412 1547 3492 gerundoe
1597 3432 1799 3483 causa,
1855 3413 1938 3480 Q.
1983 3411 2234 3470 Fabium
2257 3377 2383 3475 :²:110
2401 3429 2518 3478 466.

337 3506 701 3579 Maximum,
758 3510 928 3587 cujus
993 3510 1166 3569 tertia
1220 3510 1349 3569 haec
1398 3510 1693 3573 dictamra
1744 3509 1937 3569 fuerit.
2025 3507 2104 3566 Ei
2162 3506 2232 3567 L.
2563 3502 2570 3509 ’

335 3600 697 3665 Volumnius
728 3605 806 3666 C.
835 3605 909 3666 F.
941 3605 1017 3667 C.
1049 3604 1141 3666 N.
1186 3606 1459 3666 Flamma
1482 3605 1736 3669 Violens
1766 3606 2040 3685 magistet
2069 3603 2234 3683 equi-

336 3707 463 3760 tnm
512 3699 691 3761 fuisse
734 3700 968 3763 dicitur.
1056 3701 1294 3763 Bellum
1349 3703 1505 3763 enim
1562 3722 1635 3762 ea
1684 3709 2032 3782 tempestate
2098 3717 2232 3759 cum
2257 3682 2401 3803 ἐὴ·
2428 3690 2559 3757 Epit.

336 3794 811 3859 Volsiniensibus
840 3808 987 3870 erat,
1017 3797 1269 3859 Etrusca
1298 3806 1492 3878 gente.
1579 3796 1658 3859 Id
1684 3807 2075 3879 opportunum
2099 3794 2234 3864 fuit,
2322 3786 2337 3803 ⁶

337 3891 415 3961 ad
440 3893 906 3954 exhauriendum
925 3894 1205 3975 quicquid
1234 3895 1291 3955 in
1319 3896 1462 3956 urbe
1495 3895 1662 3957 novis
1681 3895 1854 3954 rebus
1879 3912 2148 3975 pronum,
2165 3909 2237 3950 ac

334 3991 647 4071 superioris
671 3989 979 4052 discordiae
1007 3991 1246 4053 nimium
1271 4012 1490 4052 memor
1521 4000 1694 4053 esset.
1763 3989 2036 4051 Accessit
2059 3988 2238 4048 etiam

403 4151 433 4180 ⁴⁵
454 4153 724 4218 AEseuleto]
739 4153 910 4204 Locus
933 4152 1036 4204 fuit
1052 4154 1249 4205 osculis
1331 4169 1396 4220 go
1425 4155 1639 4206 indicat.
1703 4155 1832 4204 Tum
1869 4154 2005 4203 enim
2038 4153 2238 4216 ‘sylva-

340 4220 588 4278 eonsims,
609 4218 747 4268 intra
774 4219 975 4284 urbem,
998 4228 1056 4270 ut
1088 4236 1248 4286 appa·
1332 4235 1444 4270 rum
1485 4219 1768 4282 insignibus
1793 4219 1807 4243 ⁹
1849 4220 1971 4269 urbs
2016 4218 2033 4246 ‘
2059 4217 2240 4269 distin·

340 4288 421 4333 ret
440 4297 507 4333 cx
527 4298 592 4335 eo
614 4283 777 4334 Plinii
801 4285 918 4337 loco
940 4300 1094 4352 quem
1117 4300 1249 4337 mar·
1331 4283 1625 4351 gustatur?
1658 4285 1741 4335 ld.
1766 4283 1896 4335 ibid.
1932 4285 2073 4334 Creo.
