3025 4892
873 387 1083 436 mam
1135 385 1275 436 xx.
1321 384 1965 437 SUPPLBMRNTUM.
2366 367 2533 434 1637

281 532 409 595 ‘eos
442 532 688 612 collegoe
728 532 995 593 instituto
1019 533 1316 610 cognovit,
1344 532 1586 592 miratus
1618 543 1839 602 casum,
1867 541 1929 592 et
1965 552 2068 614 spe
2101 533 2209 592 im-

315 630 527 711 pulsus,
556 630 716 710 quod
744 629 971 689 medius
997 630 1147 689 inter
1173 628 1322 689 duos
1344 628 1681 689 consulares
1713 629 2006 690 exercitus
2031 629 2212 691 bostis

314 736 622 798 teneretur,
662 728 909 787 tribunis
954 728 1256 808 praecepit,
1300 734 1367 786 ut
1412 726 1540 787 acie
1581 726 1884 798 instructa,
1925 737 2210 807 quantum

313 824 562 885 locorum
607 834 818 885 natura
860 833 1175 906 pateretur,
1206 822 1556 903 quadratum
1594 843 1805 903 agmen
1830 824 2013 905 gradu
2055 825 2209 884 mili-

311 924 415 982 tari
455 922 755 983 ducerent.
843 922 982 1003 Ipse
1021 921 1428 982 animadverso
1462 920 1618 981 colle
1645 931 1966 1003 opportune
1994 922 2207 994 itineri,

309 1039 423 1099 qua
463 1021 659 1080 venire
704 1019 922 1080 Gallos
960 1039 1256 1079 necessum
1301 1027 1448 1090 erat,
1477 1019 1838 1089 imminente,
1868 1018 1944 1078 ad
1989 1039 2207 1101 praeoc·

308 1118 637 1198 cupandum
664 1139 799 1178 eum
824 1137 958 1177 cum
985 1118 1251 1198 equitatu
1277 1116 1599 1178 contendit.
1682 1116 2028 1176 Festinabat
2052 1117 2208 1177 enim

305 1234 433 1275 cum
477 1216 643 1276 hoste
686 1216 1114 1296 quamprimum
1161 1214 1493 1287 decernere,
1537 1223 1751 1285 certus,
1794 1215 1844 1274 si
1886 1223 2204 1293 urgeretur,

304 1313 592 1392 collegam
617 1323 923 1375 venturum
952 1307 1247 1383 subsidio;
1294 1322 1377 1384 et,
1406 1315 1455 1373 si
1482 1314 1780 1394 inceptum
1815 1313 2204 1384 successisset,

304 1412 585 1490 potiorem
612 1412 759 1470 bene
786 1420 965 1490 gestae
992 1411 1075 1472 rei
1102 1409 1338 1470 laudem
1366 1429 1546 1491 penes
1569 1431 1631 1470 se
1658 1409 1913 1470 suturam
1939 1430 2083 1470 esse.

378 1513 477 1567 40.
524 1506 695 1567 Galli
744 1509 873 1568 viso
918 1508 978 1567 in
1022 1508 1422 1588 superioribus
1455 1508 1604 1568 locis
1650 1508 1903 1568 hostium
1947 1508 2203 1586 agmine,

304 1615 475 1663 noctu
519 1605 948 1665 circummissus
987 1604 1067 1664 ab
1111 1604 1181 1664 L.
1210 1604 1459 1664 AEmilio
1499 1606 1728 1685 equites
1769 1606 1905 1676 rati,
1937 1624 2104 1664 suum
2145 1612 2207 1664 et

303 1700 407 1780 ipsi
449 1702 780 1781 equitatum
817 1702 1112 1771 emittunt,
1152 1701 1434 1779 adjuncta
1475 1700 1626 1762 levis
1665 1711 1976 1761 armaturae
2014 1711 2202 1783 parte,

302 1796 373 1856 ad
410 1798 529 1857 iter
563 1797 959 1879 aperiendum.
1048 1797 1284 1858 Deinde
1309 1800 1678 1881 captivorum
1705 1798 1925 1859 indicio
1949 1799 2207 1858 consulis

301 1893 538 1955 alterins
591 1895 876 1957 adventus
918 1897 1187 1974 cognitus
1230 1895 1558 1977 peditatum
1609 1898 1887 1956 continuo
1925 1897 2204 1956 instruere

299 1994 491 2071 coegit
514 1993 759 2073 ancipiti
787 1994 940 2067 acie,
968 2013 1103 2073 quae
1127 2003 1264 2053 ante
1289 2002 1351 2053 et
1375 2002 1532 2054 retro
1559 1995 1618 2053 in
1644 1994 1868 2053 bostem
1893 2009 2083 2065 versa,
2114 1994 2201 2052 in-

300 2091 475 2149 terius
499 2091 784 2170 oppositis
808 2091 1061 2152 invicem
1087 2091 1264 2169 tergis
1288 2092 1626 2151 cobaereret.
1723 2088 1891 2150 Nam
1918 2090 2203 2152 videbant

299 2204 333 2243 a
370 2184 565 2246 fronte
602 2187 677 2246 C.
707 2187 963 2247 Atilium
1010 2190 1261 2248 instare:
1307 2208 1345 2246 a
1385 2198 1548 2267 tergo
1587 2189 1755 2268 sequi
1796 2187 1866 2247 L.
1895 2187 2199 2247 AEmilium

298 2293 599 2343 noverant.
685 2283 855 2345 Huic
898 2286 1073 2363 igitur
1113 2305 1191 2345 ex
1238 2283 1632 2365 Transalpino
1678 2305 1886 2364 genere
1931 2284 2199 2345 mercede

296 2379 638 2452 conductos,
676 2382 778 2460 qui
823 2383 901 2442 ab
947 2401 1237 2442 armorum
1279 2382 1511 2441 nomine
1551 2381 1852 2441 Gaesatae⁹
1888 2391 2197 2454 vocantur,
2246 2391 2351 2441 Liv.
2377 2410 2530 2445 xxvx.

296 2486 691 2556 opposuerunt
711 2479 766 2537 in
797 2480 987 2559 prima
1013 2481 1175 2548 acie;
1221 2488 1355 2560 post
1379 2480 1487 2539 hos
1506 2481 1566 2538 in
1588 2478 1859 2538 subsidiis
1888 2477 2193 2538 Insubres:
2222 2461 2397 2573 ‘'bm-
2427 2540 2500 2574 m

298 2581 358 2631 at
379 2570 652 2634 Taurisci
683 2575 941 2654 Boiique
968 2575 1245 2637 adversus
1271 2575 1577 2636 Atilianae
1600 2576 1802 2657 copias
1826 2574 2007 2637 locati
2032 2583 2195 2635 sunt:
2225 2590 2306 2637 18.

295 2669 510 2730 essedis
533 2670 749 2731 deinde
775 2673 1069 2752 carrisque
1089 2693 1269 2733 cornu
1294 2681 1603 2753 utrumque
1623 2672 1956 2734 vallarunt:
1999 2671 2200 2753 praeda
2223 2651 2394 2718 P⁰¹5b·

293 2785 421 2826 enm
449 2767 669 2828 idoneo
695 2769 968 2850 praesidio
991 2771 1252 2831 vicinum
1280 2771 1339 2829 in
1365 2768 1582 2830 collem
1608 2771 1859 2850 seposita
1886 2778 1992 2829 est.
2059 2769 2200 2829 Jam

295 2866 539 2943 pugnari
585 2865 663 2926 ad
700 2866 988 2926 tumulum
1016 2869 1095 2928 ab
1133 2868 1208 2927 C.
1232 2866 1431 2927 Atilio
1452 2876 1809 2948 occupatum
1833 2874 2112 2947 coeperat,
2139 2875 2203 2926 et

293 2981 366 3020 ex
407 2983 483 3023 eo
523 2964 885 3041 conjiciebat
927 2963 995 3024 L.
1020 2965 1296 3025 AEmilius
1337 2963 1542 3025 adesse
1578 2963 1893 3044 collegam,
1921 2966 2089 3042 cujus
2123 2963 2199 3023 de

294 3058 495 3119 itinere
523 3060 672 3120 nihil
698 3062 961 3122 habebat
986 3071 1369 3144 compertum,
1400 3071 1790 3143 praeterquam
1817 3061 1979 3143 quod
2011 3082 2197 3143 appu-

293 3153 422 3216 lme
466 3156 649 3218 Pisas
688 3157 1013 3219 audiverat.
1101 3159 1293 3238 Igitur
1328 3179 1405 3219 ex
1443 3169 1704 3239 tempore
1730 3159 1975 3218 consilio
1998 3168 2199 3240 capto,

292 3254 519 3333 equites
544 3275 680 3315 suos
705 3264 767 3315 et
792 3256 914 3337 ipse
942 3256 1018 3316 ad
1044 3256 1261 3317 collem
1281 3257 1382 3316 ubi
1410 3257 1782 3337 pugnabatur
1795 3256 1976 3334 jussit
1994 3276 2197 3316 accur·

292 3369 431 3411 rere.
522 3350 830 3412 Certatum
872 3353 957 3412 ibi
995 3362 1084 3413 est
1120 3354 1373 3434 equestri
1414 3352 1623 3435 praelio
1647 3354 1952 3423 acerrimo,
1979 3355 2037 3412 in
2079 3372 2199 3432 quo

290 3454 351 3506 et
390 3446 467 3507 C.
498 3446 733 3508 Atilius
771 3451 972 3510 consul
1015 3452 1245 3512 occisus
1285 3460 1395 3522 est,
1421 3453 1666 3530 ejusque
1707 3458 1889 3531 caput
1915 3449 1992 3510 ad
2032 3469 2198 3528 reges
2253 3465 2527 3523 Diod.Ecl.

294 3541 613 3605 Gallorum
647 3546 929 3607 relatum:
977 3546 1055 3607 ad
1081 3557 1410 3609 extremum
1436 3556 1633 3607 tamen
1674 3548 1899 3606 connisi
1941 3548 2080 3607 totis
2103 3548 2193 3607 vi·
2221 3534 2257 3583 ¹·
2279 3551 2410 3585 ¹¹⁷·

292 3641 453 3701 ribus
479 3641 769 3714 Romani,
798 3643 931 3704 loco
956 3653 1208 3715 retento,
1236 3646 1461 3704 bostem
1486 3644 1774 3724 repulere.
2223 3600 2395 3665 Polyb.

294 3787 303 3794 .
369 3744 472 3797 41.
523 3737 784 3798 Decreta
826 3739 980 3801 bunc
1022 3742 1099 3801 ad
1136 3740 1374 3800 modum
1415 3742 1671 3822 equestri
1711 3760 1932 3820 pugna,
1971 3739 2197 3819 pedites

291 3853 657 3894 concurrere.
744 3835 843 3895 Ibi
885 3857 1024 3899 vero
1065 3846 1360 3899 certamen
1397 3836 1641 3897 vidisses
1665 3856 1799 3896 cum
1840 3855 2079 3896 numero
2104 3844 2194 3896 at-

292 3950 405 4009 que
446 3931 658 3991 robore
700 3932 981 4006 virorum,
1006 3944 1131 3994 tum
1157 3936 1287 4016 ipsa
1320 3933 1702 4015 dispositione
1737 3933 1992 3994 acierum
2028 3932 2195 3992 terri-

292 4025 447 4087 bile:
504 4047 643 4088 cum
685 4029 835 4089 inter
874 4030 1021 4092 duos
1061 4031 1368 4092 Romanos
1406 4033 1701 4092 exercitus
1741 4030 2056 4090 Gallorum
2105 4032 2194 4091 in-

294 4131 558 4205 tercepta
592 4125 910 4188 multitudo
955 4129 1126 4188 simul
1171 4130 1231 4188 in
1267 4138 1540 4208 utrosque
1579 4130 1826 4189 obversa
1864 4127 2191 4199 dimicaret,

556 4291 581 4326 ί
618 4284 857 4349 Gaesoetae]
892 4286 1012 4338 vid.
1035 4286 1186 4338 Voss.
1208 4288 1274 4338 de
1298 4288 1406 4339 vit.
1426 4287 1707 4351 Sermonis,
1731 4301 1770 4336 ι.
1788 4290 1838 4336 2.
1876 4286 2017 4336 (ἶνιν.
