3025 4892
452 337 623 404 1550

1412 352 1482 400 Τ.
1530 352 1727 402 mvn

776 494 847 567 si,
876 505 1051 576 atque
1079 493 1215 556 inde
1249 495 1415 555 littus
1454 494 1676 555 Siciliae
1707 493 1984 555 dextrum
2017 494 2286 573 legentes
2311 475 2523 575 praeter
2550 492 2680 552 Pa·

773 594 1031 676 chynum
1058 593 1134 664 ad
1161 592 1530 674 recipiendas
1553 592 1851 674 pedestres
1887 592 2112 673 copias,
2156 601 2281 652 tum
2304 600 2499 651 castra
2520 592 2684 650 circa

776 691 1105 752 Ecnomum
1137 690 1351 751 collem
1378 691 1683 761 habenta,
1712 690 2075 770 pergebant:
2120 698 2182 749 et
2208 689 2316 748 sub
2344 689 2502 748 idem
2528 698 2679 746 tem-

773 808 883 870 pus
926 787 1246 849 Hamilcar
1290 788 1603 868 imperator
1653 787 1995 858 Poenorum‚
2027 796 2090 846 et
2113 786 2431 868 praefectus
2474 784 2679 845 classis

677 944 692 952 ,
780 885 1030 959 Hanno,
1065 894 1456 946 trecentarum
1482 886 1984 966 quinquaginta¹⁰
2026 887 2261 945 navium
2287 885 2488 954 duceS‚
2528 883 2678 945 Car-

776 984 1013 1063 thagine
1036 983 1390 1065 Lilybaeum,
1404 992 1466 1043 et
1482 982 1616 1042 inde
1640 981 2005 1043 Heracleam
2026 984 2295 1043 Minoam
2316 982 2678 1059 transgressi,

774 1100 845 1140 eo
872 1081 930 1139 in
973 1089 1142 1162 portu
1168 1081 1478 1141 stationem
1503 1080 1836 1160 agitabant,
1863 1080 2112 1141 consilia
2135 1079 2546 1141 Romanorum
2569 1079 2679 1140 ob-

770 1186 1085 1249 servantes,
1129 1175 1211 1250 et,
1254 1179 1304 1237 si
1346 1199 1544 1239 versus
1590 1178 1864 1238 Africam
1905 1179 2201 1238 instituere
2238 1197 2468 1237 cursum
2500 1176 2681 1237 aude·

771 1283 920 1346 rent,
969 1275 1334 1356 prohibituri.
1446 1261 1630 1343 Q’uod
1674 1276 1871 1336 edocti
1915 1275 2185 1336 consules
2235 1274 2313 1335 ad
2368 1283 2678 1354 utrumque

768 1392 968 1432 casum
1003 1373 1262 1433 studiose
1301 1383 1518 1434 cuncta
1553 1382 1923 1455 comparant,
1963 1382 2030 1433 ut
2067 1373 2191 1433 sive
2228 1371 2456 1432 navalis
2487 1371 2677 1452 praelii

763 1469 1065 1529 tentandae
1089 1490 1223 1550 spes
1248 1469 1465 1542 forent,
1492 1471 1617 1530 sive
1641 1470 1862 1531 alicubi
1887 1470 2326 1531 exscensionem
2352 1468 2479 1530 fieri
2503 1490 2677 1550 opor-

765 1573 942 1637 teret,
969 1567 1280 1627 consilium
1309 1568 1370 1626 in
1395 1567 1687 1649 expedito
1731 1569 2033 1629 haberent.
2120 1566 2336 1647 Itaque
2372 1566 2683 1647 pugnacis-

769 1662 927 1723 simis
950 1664 1278 1745 quibusque
1306 1665 1561 1726 militum
1588 1666 1646 1726 in
1676 1686 1857 1727 naves
1892 1664 2197 1746 impositiS,
2237 1671 2498 1744 quatuor
2522 1664 2678 1724 clas-

769 1781 884 1832 ses,
923 1769 1210 1841 tanquam
1246 1761 1509 1841 ejusdem
1548 1763 1831 1823 universae
1868 1772 2064 1844 partes
2103 1761 2372 1834 totidem,
2412 1760 2675 1822 faciunt:

770 1856 1062 1937 legionem
1091 1860 1340 1939 primam
1368 1859 1427 1919 in
1458 1860 1646 1940 prima
1672 1860 1910 1931 elasse,⁹
1950 1859 2101 1919 duas
2135 1868 2444 1939 sequentes
2472 1858 2677 1920 ordine

767 1975 874 2015 suo
899 1956 1294 2016 constituunt:
1341 1957 1397 2016 'm
1425 1966 1637 2036 quarta
1656 1957 1955 2018 collocant
1969 1957 2216 2017 triarios.
2302 1954 2445 2016 Has
2467 1956 2675 2038 copias

769 2053 855 2113 ita
879 2052 1220 2133 disponunt,
1246 2061 1313 2113 ut
1336 2053 1581 2133 singulis
1622 2055 1872 2115 navibus
1904 2054 2124 2115 treceni
2165 2054 2434 2132 remiges,
2460 2053 2681 2114 milites

766 2170 905 2237 vero
935 2150 1171 2210 centeni
1213 2150 1406 2211 viceni
1435 2152 1744 2213 vehantur.
1832 2151 1936 2212 lta
1977 2172 2251 2213 numerus
2283 2151 2584 2211 hominnm
2614 2153 2675 2212 in

766 2246 1041 2308 universa
1064 2247 1254 2309 classe
1291 2248 1371 2309 ad
1409 2249 1602 2310 millia
1642 2258 1879 2311 centnm
1918 2249 2308 2330 quadraginta
2330 2247 2685 2310 accedebat.-

766 2343 957 2405 Hunc
983 2365 1287 2407 numerum
1329 2346 1638 2428 aliquanto
1665 2349 2021 2429 superabant
2045 2348 2245 2417 Poeni,
2282 2347 2415 2429 plus
2436 2357 2681 2410 centum

764 2442 1194 2523 quinquaginta
1217 2444 1480 2505 millibus
1505 2446 1806 2506 hominum
1833 2446 2213 2507 adducentes.

842 2547 902 2600 3.
945 2541 1034 2601 Et
1064 2542 1316 2603 militum
1361 2543 1600 2624 quidem
1636 2564 1819 2622 genus
1852 2564 1973 2625 prae
2006 2544 2129 2606 suis
2167 2545 2329 2626 parvi
2369 2544 2679 2606 faciebant

761 2637 1047 2699 consules.
1135 2639 1341 2721 Major
1377 2662 1452 2702 ea
1495 2641 1844 2702 deliberatio
1879 2653 2027 2713 erat,
2070 2662 2205 2702 cm
2252 2644 2312 2703 in
2356 2641 2479 2703 alto
2523 2643 2671 2702 mari

761 2736 1139 2815 pugnandum
1165 2735 1288 2798 sore
1315 2749 1648 2821 appareret,
1678 2741 1779 2800 ubi
1805 2740 2079 2801 celeritas
2102 2742 2342 2801 navium
2367 2749 2429 2801 et
2454 2741 2667 2819 guber·

761 2841 1030 2892 natorum
1054 2843 1210 2894 artes
1234 2836 1557 2916 plurimum
1586 2838 1813 2909 valent,
1836 2859 1956 2919 quo
1982 2837 2490 2901 ordineadversus
2514 2838 2669 2899 istud

826 3013 890 3058 10
922 3008 1010 3060 Ita
1032 3011 1189 3062 CreV.
1212 3026 1279 3061 ex
1304 3013 1496 3078 Polyb.
1532 3013 1671 3066 Edd.
1697 3030 1802 3082 prr.
1828 3022 2148 3067 trecentarum
2168 3018 2442 3081 sesag-istu.

1536 3141 1625 3163 ‘O‘
1631 3143 1901 3165 WOOO

825 3228 853 3265 1
884 3221 1144 3284 Laianci·
1185 3224 1393 3287 prim
1427 3226 1481 3276 is
1518 3228 1681 3292 prins
1749 3244 1851 3292 que
1884 3231 2165 3287 exereitus,
2187 3232 2348 3295 acies,
2371 3230 2458 3298 qui
2480 3244 2667 3281 senum

758 3286 927 3353 clam]
965 3287 1072 3339 Hic
1097 3296 1204 3341 tres
1222 3299 1423 3343 tantum
1447 3294 1679 3358 legiones
1749 3298 1935 3346 melius
1980 3295 2081 3348 buc
2132 3297 2390 3362 quadrare
2435 3297 2664 3346 videtur.

759 3352 812 3401 in
836 3355 1106 3405 consulum
1134 3356 1373 3410 exercitu
1407 3373 1677 3410 numerari·
1750 3361 1841 3411 Sic
1894 3363 2054 3424 igitur
2095 3364 2230 3413 verti
2275 3361 2523 3413 debuisse
2564 3362 2667 3413 Po·

759 3425 863 3469 tur.
917 3418 1104 3472 Plures
1127 3430 1300 3475 tanen
1322 3423 1481 3478 fuisse
1497 3427 1675 3491 colligi
1748 3427 1944 3491 lybiam
1979 3427 2379 3480 crediderimus:
2420 3431 2437 3457 ⁸
2464 3429 2666 3478 cnum-

758 3483 988 3551 videtur,
1013 3497 1117 3539 mm
1154 3503 1219 3539 ex
1254 3492 1451 3542 solenni
1485 3491 1673 3543 Roma·
1748 3493 1821 3542 les
1843 3507 2047 3544 omnem
2068 3498 2353 3546 exercitum
2371 3495 2420 3544 in
2440 3503 2668 3559 quatuor

756 3563 941 3628 norum
965 3554 1361 3614 consuetudine,
1383 3559 1469 3622 qui
1496 3559 1671 3623 siugu-
1746 3567 1923 3623 partes
1947 3558 2205 3611 dividunt.
2239 3561 2407 3612 Porro
2424 3575 2669 3626 nimqua-

755 3615 819 3666 lis
854 3619 1149 3670 consulibus
1184 3620 1314 3671 duas
1339 3623 1570 3686 legiones
1593 3633 1673 3675 at·
1745 3639 1846 3688 que
1930 3639 2014 3674 ars
2057 3627 2255 3692 duplici
2308 3628 2667 3693 appenninae

754 3679 984 3734 tribuere
1025 3699 1233 3764 semper
1266 3687 1525 3751 solebant,
1562 3697 1671 3741 tum
1741 3692 1855 3755 sign
1927 3701 2063 3742 atur.
2102 3695 2239 3745 Nam
2262 3701 2319 3744 et
2344 3694 2509 3757 prims
2528 3694 2666 3744 acies

752 3762 817 3798 ex
842 3763 1054 3801 numero
1078 3751 1295 3804 militurn
1314 3755 1400 3820 qui
1418 3756 1512 3805 hac
1537 3756 1667 3805 ‹elas-
1741 3756 2033 3822 dicebatur,
2057 3766 2109 3807 et
2137 3761 2304 3822 prima
2324 3758 2503 3809 classis
2524 3776 2538 3808 :
2576 3774 2666 3809 ea·-

753 3828 810 3862 se
853 3816 993 3866 vecti
1029 3814 1187 3869 fuisse
1231 3818 1368 3871 infra
1405 3821 1667 3873 dicantur.
1740 3824 1966 3888 denque
1990 3826 2123 3874 ratio
2144 3827 2196 3876 ia
2219 3826 2413 3876 ceteris
2432 3834 2669 3875 servata.

753 3880 1009 3957 yeremur
1046 3899 1110 3933 ne
1149 3885 1403 3949 deceptus
1443 3889 1510 3937 sit
1551 3896 1669 3952 post
1742 3892 1957 3943 Quartae
1979 3892 2173 3941 nullum
2195 3891 2289 3978 §ab
2310 3889 2524 3955 ordine)
2547 3906 2665 3955 eog-

751 3953 1093 4024 interpretem
1139 3950 1346 4015 Polybii
1401 3953 1671 4004 Freinshe-
1742 3970 1929 4005 nomen
1965 3956 2203 4022 inditum,
2257 3958 2381 4023 quia
2420 3957 2659 4006 nimirum

752 4011 882 4060 iuius
917 4013 1259 4078 ambiguitate
1285 4017 1427 4067 vocis
1466 4020 1667 4082 c-rpoerd-
1742 4022 1954 4085 proprio
1977 4022 2168 4085 signari
2203 4024 2410 4072 nomine
2434 4029 2660 4085 poterat.

750 4079 910 4154 πεδρν,
932 4095 1034 4142 qua
1071 4082 1153 4130 hic
1193 4098 1311 4131 usus
1348 4093 1425 4133 est
1450 4087 1668 4135 Graecus
1736 4088 1991 4136 'Triarius
2014 4090 2167 4146 euim.
2192 4089 2373 4139 itidem
2399 4097 2457 4138 ut
2481 4088 2657 4140 inter·

750 4153 997 4207 scriptor.
1069 4147 1146 4197 Eo
1200 4149 1410 4211 quidem
1459 4152 1666 4203 nomine
1738 4152 1994 4203 restribns
2017 4154 2333 4204 exercitibus
2356 4156 2546 4212 solent,
2571 4170 2658 4205 vo·

753 4207 1056 4275 plerumque
1094 4212 1183 4261 ille
1220 4213 1460 4276 designat
1503 4218 1662 4280 legio·
1736 4217 2220 4284 cabant,’quonism
2236 4220 2656 4284 eoconjeceraut

750 4288 886 4324 nem.
951 4277 1055 4327 Sed
1080 4277 1405 4342 στρατόπεδον
1432 4289 1511 4333 est
1538 4298 1660 4350 quo·
1735 4285 1963 4336 omnium
1984 4286 2245 4353 legionum
2264 4287 2487 4338 triarios.
2511 4288 2652 4337 Cres.
