3025 4892
843 379 1054 429 maai
1104 379 1339 430 xvm.
1384 378 2034 430 surranum-trun.
2372 363 2544 430 1557

306 524 452 607 quid
487 524 737 586 telorum
764 524 1121 605 ingereretur
1145 522 1322 604 facile
1354 522 1710 605 repellente3
1756 520 2214 602 confugiendum

306 622 386 683 ad
426 624 751 694 machinas,
778 621 1157 702 advectisque
1183 621 1411 682 balistis
1436 630 1497 681 et
1532 620 1873 702 catapultis,
1902 619 2067 681 velut
2107 639 2215 679 arx

306 718 582 800 quaedam
627 720 873 790 munita,
921 719 1284 799 dejiciendus
1322 719 1506 778 hostis
1548 717 1679 778 fuit.
1789 718 1945 779 Post
1989 716 2219 798 aliquot

295 818 503 896 jactus
544 820 604 877 in
643 837 863 878 vanum
903 817 1139 878 emissos
1179 818 1381 896 ingens
1419 835 1653 887 saxum,
1680 816 1849 897 spina
1888 814 2045 875 dorsi
2083 835 2214 896 per-

305 914 521 986 fracta,
549 916 810 995 vigorem
851 916 1248 996 impetumque
1273 913 1660 974 formidabilis
1685 915 1927 974 monstri
1955 911 2214 974 resolvit.

310 1010 415 1072 Sic
458 1032 694 1093 quoque
735 1011 1046 1073 difficulter
1085 1013 1420 1073 confectum
1460 1020 1583 1071 est:
1630 1019 1798 1071 tanto
1821 1031 1959 1072 cum
1982 1012 2216 1072 horrore
2243 1024 2356 1075 val.
2375 1026 2513 1077 Mu.

312 1107 603 1188 legionum
649 1120 711 1170 et
751 1111 1099 1181 cohortium,
1134 1120 1201 1170 ut
1236 1119 1253 1147 ‘
1283 1130 1346 1170 se
1387 1128 1727 1190 oppugnare
1772 1107 2216 1187 Carthaginem,

309 1226 490 1287 quam
532 1205 780 1268 alteram
817 1207 1001 1269 talem
1041 1209 1290 1268 bestiam
1324 1206 1503 1267 malle
1516 1207 1532 1232 ’
1575 1205 1914 1267 faterentur.
1998 1204 2218 1286 Neque

311 1302 532 1364 diutius
584 1305 668 1364 ibi
713 1306 925 1365 morari
969 1314 1161 1365 castra
1207 1311 1542 1385 potuerunt,
1589 1303 1734 1384 quin
1779 1303 1924 1363 tabo
1972 1301 2220 1362 infectas

311 1420 516 1481 aquas,
544 1411 606 1461 et
646 1422 878 1462 omnem
914 1403 1072 1463 circa
1111 1403 1407 1481 regionem
1434 1399 1639 1460 foetore
1655 1400 1915 1477 jacentis
1940 1399 2219 1480 pestifero

310 1496 573 1558 afflatam
594 1498 896 1579 fugerent:
941 1520 1057 1560 non
1083 1500 1206 1559 sine
1232 1499 1444 1559 rubore
1471 1497 1676 1578 aliquo
1701 1497 1976 1558 humanae
2013 1517 2218 1579 super·

313 1594 448 1666 biae,
476 1615 613 1676 quae
655 1616 769 1657 non
814 1615 944 1657 raro
983 1597 1205 1658 viribus
1231 1597 1351 1656 suis
1375 1594 1523 1656 nihil
1552 1604 1828 1673 negatum
1854 1615 1982 1656 esse
2006 1594 2219 1656 stolide

310 1700 518 1772 putat:
563 1695 887 1754 exercitum
905 1702 1064 1754 certe
1087 1693 1451 1764 Romnum,
1468 1693 1818 1773 imperatore
1839 1691 1933 1752 M.
1954 1691 2216 1771 Regulo,

310 1797 468 1849 terra
507 1790 770 1871 marique
811 1791 1117 1862 victorem,
1155 1812 1305 1851 unus
1328 1790 1536 1869 anguis
1558 1797 1621 1849 et
1645 1790 1817 1850 vivus
1845 1789 2129 1861 exercuit,
2158 1799 2222 1849 et

311 1884 654 1947 interfectus
702 1888 1032 1949 summovit.
1145 1887 1352 1955 Quare
1406 1907 1515 1948 nec
1562 1885 1774 1968 puduit
1818 1884 2218 1967 proconsulem

310 1982 486 2061 hujus
525 1985 708 2044 etiam
743 1985 926 2045 hostis
964 1984 1155 2066 spolia
1181 1984 1443 2046 Romam
1468 1985 1721 2055 mittere,
1749 1984 2088 2065 timorisque
2127 1986 2219 2044 sui
2246 1975 2269 1986 '⁶

313 2068 778 2158 magnitudinem
824 2090 887 2141 et
928 2082 1190 2143 victoriae
1235 2081 1513 2161 gaudium
1561 2080 1801 2163 publico
1841 2090 2219 2143 monumento

310 2174 519 2236 fateri:
562 2178 785 2237 corium
820 2178 976 2244 enim
1007 2178 1228 2240 belluae
1253 2178 1586 2241 detractum
1610 2181 1670 2239 in
1696 2180 1900 2240 urbem
1925 2178 2220 2240 devehen-
2245 2190 2417 2243 Zonar.

313 2272 457 2334 dum
499 2274 763 2336 curavit:
811 2275 972 2355 qnod
1012 2284 1246 2336 centum
1288 2277 1496 2356 viginti
1542 2275 1725 2357 pedes
1763 2276 2004 2355 longum
2043 2275 2221 2337 fuisse

310 2369 549 2443 dicimr,
590 2380 654 2432 et
695 2372 756 2432 in
794 2372 1019 2454 templo
1059 2373 1319 2455 quodam
1360 2391 1701 2454 suspensum
1742 2372 1820 2433 ad
1864 2371 2220 2434 Numantini
2243 2388 2450 2442 Plinius.

311 2487 498 2548 usque
524 2468 670 2529 beui
695 2479 963 2552 tempora
983 2468 1308 2533 duravisse.

392 2570 496 2628 17.
541 2564 731 2626 Motis
765 2587 804 2626 a
831 2566 1115 2646 Bagrada
1140 2568 1368 2640 castris,
1394 2588 1596 2630 versus
1622 2569 1825 2630 urbem
1849 2566 2019 2628 Adin
2046 2584 2217 2627 exer·
2240 2578 2417 2645 Polyb.

313 2661 502 2721 citum
543 2661 718 2723 duxit
739 2663 967 2736 consul,
969 2660 992 2695 ⁶
1015 2665 1203 2726 obiter
1228 2667 1581 2747 expugnatis
1605 2665 1965 2745 vastatisque
1991 2662 2224 2745 oppidis

312 2767 376 2818 et
417 2758 680 2819 castellis
723 2780 859 2840 quae
894 2762 956 2821 in
993 2761 1198 2824 itinere
1240 2771 1630 2826 occurrerant.
1715 2761 1823 2822 Ad
1850 2760 2019 2822 Adin
2061 2781 2221 2832 vero,

314 2875 498 2934 quam
536 2876 750 2938 eapere
791 2858 1033 2936 majoris
1063 2869 1195 2920 erat
1218 2875 1437 2941 operae,
1463 2860 1653 2921 vineis
1677 2859 2076 2939 machinisque
2117 2855 2222 2917 ad

315 2952 517 3013 bibitis
530 2953 702 3032 justa
723 2954 994 3015 instituta
1016 2964 1108 3015 est
1126 2956 1373 3017 obsidio.
1458 2955 1569 3017 Ad
1594 2976 1771 3037 quam
1790 2953 2223 3037 prohibendam

316 3047 497 3109 Poeni
538 3049 722 3111 duces
760 3070 895 3112 cum
936 3049 1204 3112 celeriter
1242 3053 1647 3126 accurrissent,
1674 3053 1733 3113 in
1775 3052 1929 3114 colle
1965 3050 2222 3132 quodam

315 3146 523 3206 eastris
545 3145 785 3227 ‘quidem
812 3146 1108 3209 Romanis
1135 3149 1495 3220 imminente,
1523 3148 1629 3210 sed
1654 3149 1938 3230 impedito
1961 3147 2225 3229 sylvoso-

317 3261 458 3321 que,
491 3241 904 3306 consederunt.
991 3243 1085 3304 Μ.
1112 3242 1407 3324 Regulus,
1449 3246 1685 3324 ingenio
1726 3245 1871 3306 situs
1911 3253 1974 3304 et
2001 3253 2221 3323 -g'enere
2246 3245 2415 3299 Zonar-

315 3339 620 3419 copiarum
657 3339 958 3400 hostilium
999 3341 1312 3413 aestimato,
1335 3362 1474 3402 cum
1508 3340 1628 3402 illis
1668 3340 1924 3422 peditem
1947 3360 2054 3401 suo
2076 3360 2218 3400 neu·
2243 3343 2420 3410 Polyb.

316 3433 544 3515 tiquam
580 3434 1064 3516 comparandum,
1090 3435 1196 3497 sed
1240 3439 1300 3498 in
1337 3437 1668 3521 elephantis
1693 3448 1755 3499 et
1780 3437 2075 3519 equitibus
2099 3437 2225 3517 spei

318 3528 637 3610 plurimum
682 3551 808 3592 esse
856 3531 1104 3603 videret,
1149 3541 1410 3595 ceterum
1459 3555 1592 3595 eam
1643 3535 1850 3595 virium
1893 3543 2119 3617 partem
2164 3535 2225 3592 in

320 3636 527 3707 aperto
567 3647 781 3710 campo
817 3627 1253 3691 formidabilem
1292 3629 1575 3704 futuram,
1616 3631 1925 3712 iniquitate
1966 3629 2227 3691 locorum

320 3722 568 3785 excludi
591 3785 598 3792 ,
622 3724 1006 3805 inutilemque
1055 3724 1246 3797 reddi,
1302 3726 1557 3790 stultitia
1619 3728 1870 3787 hostium
1935 3726 2229 3805 sapienter

323 3842 480 3892 usus,
509 3821 851 3903 priusquam
885 3842 1135 3884 errorem
1159 3843 1328 3884 suum
1359 3823 1820 3888 animadvertere
1847 3843 1921 3884 ac
1944 3822 2227 3901 corrigere

325 3927 584 3999 possent,
606 3917 668 3978 in
694 3919 816 3980 suis
839 3919 1046 3980 eastris
1068 3939 1171 3981 eos
1194 3939 1532 4002 oppugnare
1557 3920 1779 3982 statuit.
1850 3920 2227 4000 Quapropter

385 4068 409 4103 ὅ
440 4072 726 4123 mun
753 4074 944 4125 duxite
917 4074 1100 4139 consul]
1134 4073 1236 4124 Re·
1317 4076 1406 4128 Sic
1446 4077 1728 4143 loquuntur
1779 4075 1966 4141 passim
2004 4073 2223 4125 Romani

327 4136 494 4213 ‘ulum
542 4138 710 4192 intelli
781 4141 928 4253 ,gni
977 4147 1086 4190 tum
1132 4154 1236 4191 non
1315 4143 1615 4208 scriptores.
1665 4142 1790 4195 vid
1809 4142 1922 4194 LiV.
1943 4140 2149 4214 Lxxyr.
2173 4153 2226 4192 c

327 4200 529 4265 quidem
548 4217 751 4267 consu,
773 4218 831 4254 se
882 4205 1236 4269 cumimperio
1316 4211 1399 4261 83.
1436 4211 1578 4259 (lm

330 4268 599 4335 temulari,
634 4283 731 4322 seu
770 4270 1082 4335 proconsule
1103 4277 1238 4322 erat.
