3025 4892
504 316 698 405 '2046
1465 352 1534 401 τ.
1583 352 1771 400 mvn

523 499 871 564 terioribus
906 496 1126 574 remis,
1159 504 1240 560 nt
1268 497 1447 561 latus
1478 496 1667 561 lateri
1697 497 2168 580 applicaretur,
2191 515 2345 561 cum
2386 495 2725 561 exteriore

525 601 755 666 ordine
787 618 1107 664 remorum
1140 598 1324 662 velut
1353 617 1561 663 naves
1580 598 1641 646 '⁵'
1670 586 2045 681 agerentur,
2093 606 2303 663 turres
2339 599 2727 663 contabula-

529 710 635 768 tas
692 701 1361 782 machinamentaque
1413 701 1549 764 alia
1623 700 2010 783 quatiendis
2070 702 2277 765 muris
2345 702 2727 784 portabant.

527 804 876 869 Adversus
929 801 1101 866 hunc
1160 802 1470 885 navalem
1540 808 1939 884 apparatum
1998 802 2445 868 Archimedes
2520 803 2727 866 varia»,

529 904 993 989 magnitudinis
1043 911 1380 968 tormenta
1426 905 1498 967 in
1546 905 1755 967 muris
1810 903 2165 988 disposuit.
2256 905 2334 969 In
2381 925 2527 983 eaS,
2581 926 2729 989 quae

531 1008 757 1090 procul
805 1013 1014 1085 erant,
1061 1026 1266 1072 naves
1313 1021 1481 1071 saxa
1521 1007 1768 1089 ingenti
1815 1007 2106 1090 pondere
2151 1009 2541 1073 emittebat:
2590 1027 2735 1091 pro-

532 1110 758 1191 piores
816 1109 1203 1185 levioribu8‚
1272 1128 1491 1193 eoque
1553 1108 1773 1190 magis
1842 1110 2118 1187 crebris»,
2190 1113 2473 1193 petebat
2544 1110 2732 1175 telis:

533 1217 901 1294 postrem0‚
928 1220 1008 1276 ut
1049 1214 1155 1276 sui
1192 1212 1465 1277 vulnere
1495 1212 1731 1276 intacti
1765 1212 1898 1276 tela
1925 1214 1995 1276 in
2027 1212 2290 1277 hostem
2334 1214 2731 1293 ingererent,

535 1333 791 1379 murum
841 1316 929 1380 ab
970 1317 1105 1381 imo
1158 1315 1245 1380 ad
1294 1335 1625 1380 summum
1676 1315 1951 1394 crebris,
1998 1316 2409 1381 cubitalibus
2438 1305 2603 1394 fere,
2632 1335 2736 1379 ea·

535 1418 641 1480 vis
662 1416 713 1457 ¹⁶
733 1426 759 1463 ‘³
792 1418 1097 1502 aperuit3
1141 1438 1257 1503 per
1278 1438 1431 1504 quae
1463 1437 1633 1483 cava
1663 1437 1822 1501 pars
1852 1418 2147 1502 sagittiS,
2172 1438 2331 1503 pars
2362 1418 2737 1503 scorpioni·

536 1520 703 1583 busr
749 1521 1037 1586 modicis
1077 1540 1167 1586 ex
1216 1522 1483 1588 occulto
1516 1521 1844 1605 petebant
1874 1523 2158 1588 hostem.
2247 1519 2428 1600 Quae
2460 1521 2740 1605 propius

539 1623 847 1705 quiedam
879 1625 1194 1690 subibant
1220 1643 1452 1700 naveS,
1483 1644 1622 1707 quo
1666 1625 2024 1693 interiores
2075 1624 2328 1690 ictibus
2373 1630 2741 1687 tormento-

537 1742 685 1788 rum
728 1734 977 1804 essent,
1027 1729 1097 1790 in
1133 1747 1248 1792 eas
1269 1736 1319 1776 '⁷
1367 1728 1698 1793 tollenone
1742 1746 1945 1812 super
1992 1744 2244 1793 murum
2290 1728 2634 1791 eminente
2654 1723 2746 1764 ¹⁸⁸

1462 1893 1614 1914 ΜΟ,
1618 1893 1700 1914 ‘O‘
1705 1894 1732 1914 0
1736 1893 1825 1913 m

540 1985 678 2035 bium
699 1993 755 2036 et
780 1987 912 2038 binae
937 1989 1331 2054 quinqueremes
1364 2006 1531 2057 usqne
1571 1994 1645 2043 ad
1675 1992 1830 2045 octo!
1862 1993 2194 2057 Remum—15
2228 1992 2245 2020 ‘
2268 1992 2350 2042 Ex
2384 1990 2622 2054 vestigiis
2647 1990 2746 2042 Hs.

541 2051 667 2101 Put.
692 2067 808 2101 cum
834 2054 1099 2104 Crevierio
1124 2057 1392 2117 legendum
1418 2066 1545 2120 puto
1567 2060 1695 2109 uelat
1724 2074 1823 2109 susa
1842 2058 1994 2120 mois,
2015 2058 2154 2123 quod
2176 2060 2335 2107 etiam
2360 2057 2526 2107 Drak.
2560 2057 2745 2119 preba-

542 2116 728 2165 verat!
777 2117 964 2167 Stroth.
1063 2119 1204 2169 Velut
1244 2137 1340 2171 una
1377 2124 1516 2172 navis
1563 2122 1612 2172 in
1655 2131 1856 2173 textum
1896 2138 2041 2172 snum
2091 2136 2207 2171 rece
2248 2123 2290 2171 it
2330 2123 2746 2187 Kreyssigiua—

540 2184 605 2231 16
638 2184 654 2210 ‘
684 2183 853 2231 caveis
889 2184 1021 2232 Edd.
1047 2195 1167 2234 ante
1193 2187 1418 2237 Froben.
1454 2201 1746 2251 perperam,
1780 2203 1897 2238 cum
1920 2188 2175 2252 ejusmodi
2228 2186 2463 2237 oramina
2489 2204 2626 2240 cava,
2650 2200 2745 2234 non

543 2262 696 2295 caveo
719 2247 995 2298 dicantur?
1026 2249 1341 2302 Stroth—1⁷
1371 2256 1387 2281 ⁴
1410 2253 1531 2308 Quo
1568 2252 1735 2315 (forte
1775 2255 1914 2309 Cam,
1942 2254 2083 2303 Duk.
2139 2254 2331 2317 propias
2351 2250 2746 2317 quesn-(Edd-

543 2318 669 2362 ante
692 2312 856 2362 Gron.
879 2314 1096 2379 quidm)
1114 2315 1334 2366 subibant
1355 2328 1532 2368 muros
1552 2333 1714 2384 aava,
1735 2334 1845 2383 qao,
1873 2328 1930 2369 ut
1950 2319 2025 2369 int
2222 2318 2396 2368 ictibus
2412 2322 2749 2367 tormer-rr-

1540 2447 1755 2500 NOTAE

547 2536 819 2601 legendnm
850 2538 1037 2600 ,iuncta
1077 2541 1186 2592 alioe
1230 2542 1354 2593 binae
1397 2546 1460 2594 ad
1500 2550 1605 2595 octo
1686 2545 1775 2611 qul
1796 2544 1873 2596 sie
1894 2545 2060 2596 dictas
2086 2545 2211 2602 vult,
2228 2544 2368 2610 quod
2391 2541 2563 2608 parvis
2586 2542 2749 2593 subti-

548 2616 918 2678 ⁴1⁸5¹¹9¹⁴2²¹⁶m⁶80
1687 2624 1926 2689 libusque
1964 2623 2180 2688 spiculis
2220 2629 2441 2672 mortem
2474 2619 2749 2671 inferrent.

614 2699 639 2733 ‘1
665 2692 876 2755 Crebris,
894 2693 1317 2757 cubitalibusere,
1335 2698 1488 2762 meis]
1511 2700 1608 2750 Ca-
1686 2698 1792 2749 Sed
1814 2700 2140 2762 scorpionum
2163 2699 2252 2748 alii
2267 2699 2512 2762 majores,
2532 2697 2749 2747 minores

553 2787 615 2821 va
649 2779 772 2822 sunt
796 2772 1070 2837 foramina,
1106 2785 1323 2827 notante
1359 2779 1606 2843 sigonio:
1693 2774 1807 2824 alil=
1842 2773 1982 2824 unde
2004 2789 2104 2835 non
2129 2774 2222 2825 abs
2239 2788 2298 2823 re
2321 2774 2528 2838 Lipsius
2552 2774 2747 2824 Liviam

549 2856 607 2896 nt
627 2848 762 2909 apud
783 2849 1025 2900 Plautum
1043 2852 1094 2900 in
1111 2853 1495 2918 Menaechmis,‘
1513 2856 1611 2906 eti-
1693 2852 1882 2914 arguit,
1901 2850 2038 2915 quod
2072 2850 2327 2902 cubitales
2359 2849 2477 2900 fere
2501 2863 2658 2900 cavos
2676 2847 2748 2899 fe·

554 2938 633 2972 am
660 2939 795 2973 nunc
820 2927 1050 2978 concede
1068 2928 1319 2979 audacter
1341 2930 1405 2982 ah
1428 2932 1616 2982 Leoni·

553 3014 620 3049 no
643 3000 807 3051 cavo)
876 3003 1030 3067 Apud
1064 3006 1400 3058 Columellam
1422 3009 1615 3073 legitur

554 3078 606 3127 iu
632 3093 821 3140 genere
844 3082 1146 3146 masculino,
1168 3083 1184 3110 ‘
1208 3084 1403 3134 deinde
1429 3100 1615 3137 cavum

555 3167 708 3217 quem
731 3153 918 3205 feceris
942 3160 1141 3207 sarculo
1158 3161 1440 3213 obturato?
1507 3164 1615 3215 Go-

554 3229 813 3279 delevaeus
843 3231 1049 3282 cubitale
1077 3235 1392 3291 substantive
1423 3239 1620 3304 accipit

559 3318 652 3366 pro
676 3304 1061 3372 brachiali,sive
1081 3316 1378 3377 tegumento
1402 3316 1616 3367 brachii.

561 3381 839 3432 Lambinus
884 3385 939 3435 in
986 3386 1175 3437 Horat.
1208 3390 1411 3442 cubitale
1451 3393 1619 3455 pulvi-

555 3470 679 3507 num
698 3461 1092 3525 interpretatur,
1110 3465 1191 3514 cni
1207 3473 1415 3518 veteres
1432 3469 1619 3518 Roma-

558 3537 612 3585 ni
646 3537 785 3586 inter
807 3540 1115 3590 coenandnm
1147 3542 1299 3593 inniti
1320 3544 1478 3594 soliti.
1533 3544 1618 3595 An

561 3610 724 3661 simile
750 3612 870 3675 quid
901 3628 966 3663 ex
991 3618 1189 3665 cavatis
1217 3617 1303 3667 hic
1330 3619 1438 3669 illic
1456 3621 1619 3672 muris

561 3685 624 3733 ad
668 3690 987 3752 protegenda
1023 3703 1460 3757 propugnatorum
1502 3697 1618 3748 bra·

561 3764 678 3814 chia
699 3767 986 3830 excogitari
1009 3770 1073 3819 ab
1099 3769 1412 3823 Archimede
1436 3784 1619 3838 potue·

561 3842 652 3900 rit,
675 3842 959 3903 peritorum
983 3853 1095 3895 esto
1107 3847 1378 3910 judicium.

626 3926 645 3953 r
667 3919 797 3970 Pars
816 3923 1160 3990 scorpionibus]
1184 3927 1496 3992 scorpiones
1516 3945 1620 3980 ma-

562 3995 727 4047 ohinoe
761 3994 928 4055 fuere,
965 4015 1081 4063 quoe
1112 4003 1218 4052 tela
1239 4019 1355 4055 cnm
1379 4020 1507 4057 sono
1531 4022 1619 4058 ex·

562 4072 847 4138 pallebant,
890 4090 919 4125 n
961 4080 1240 4142 catapultis
1301 4081 1621 4149 ballistisque

564 4149 804 4211 diversa,
847 4166 910 4202 ac
950 4153 1188 4207 minores.
1260 4159 1624 4212 Manaballmas

559 4226 763 4291 posteri
811 4229 1160 4297 appellarunt,
1202 4234 1424 4304 Vegetio
1469 4244 1624 4304 teste,

1695 2926 1846 2989 cerit,
1869 2941 1965 2992 per
1997 2942 2123 2993 quos
2163 2928 2354 2993 partim
2391 2928 2618 2993 sagittis,
2638 2940 2749 2990 par·

1696 3005 1789 3055 tim
1826 3004 2185 3069 scorpionibus
2223 3003 2442 3055 modicis
2479 3004 2639 3054 hostis
2662 3016 2748 3074 pe-

1696 3072 1926 3130 teretur-z
1969 3089 2027 3132 ut
2060 3082 2196 3131 enim
2234 3082 2446 3131 occulte
2486 3082 2751 3131 vibrentur

1694 3158 1894 3222 spicula
1916 3172 1982 3207 ex
2005 3157 2221 3209 modicis
2242 3159 2752 3223 scorpionibugqaa-

1698 3235 1772 3283 les
1795 3234 1879 3284 hic
1903 3250 1933 3284 a
1957 3234 2180 3298 Polybio
2203 3243 2257 3286 et
2295 3237 2593 3292 Plutarcho,
2616 3237 2749 3300 ipso·

1698 3326 1799 3376 que
1837 3311 1967 3362 adeo
2004 3312 2153 3362 Livio
2194 3319 2563 3371 memorantur,
2606 3326 2748 3377 equo

1700 3388 1949 3452 ampliora
1972 3395 2147 3438 essent
2168 3388 2417 3438 cubitalia
2440 3390 2525 3438 llla
2550 3386 2748 3438 forami·

1699 3478 1796 3513 na:
1832 3471 1885 3513 et
1916 3478 2041 3514 saue
2079 3463 2266 3528 Polyb.
2290 3464 2366 3514 ait
2398 3464 2746 3514 Archimedem

1698 3554 1763 3591 ea
1796 3539 1849 3590 in
1883 3543 2045 3590 muris
2078 3541 2332 3605 palmaria
2367 3548 2565 3592 tantam
2587 3540 2751 3603 dispe-

1700 3617 1881 3667 suisse.
1912 3616 2221 3680 scorpione·
2256 3618 2388 3669 laid.
2424 3632 2519 3682 pro
2552 3617 2746 3681 sagittis

1702 3695 1965 3744 venenatis
1989 3695 2199 3758 accipit.
2235 3694 2392 3745 Aliud
2414 3697 2596 3759 opinor
2613 3709 2749 3745 seor·

1703 3772 1907 3835 pienum
1934 3787 2115 3836 genus,
2144 3772 2331 3837 quibus
2362 3773 2745 3824 violentes-con·

1699 3848 2078 3910 torquebantur
2139 3862 2282 3910 saxa,
2352 3849 2597 3899 describit
2660 3849 2745 3897 lib.

1701 3937 1870 3975 xxm.
1914 3924 2213 3977 Ammianus
2237 3926 2594 3989 Marcellinus,
2624 3938 2745 3990 qnos

1700 4016 1793 4051 suo
1817 4011 2052 4065 tempore
2084 4015 2301 4066 onagros
2321 4003 2604 4067 appellatas
2626 4000 2742 4051 seri·

1701 4082 1808 4134 bit:
1860 4132 1869 4141 ,

1766 4169 1785 4193 ·
1819 4159 2063 4211 Τοὶἱωιιι
2098 4174 2240 4225 sapa·
2274 4176 2461 4212 asam
2501 4158 2741 4224 ειιὲικιίε]

1700 4236 2234 4306 Egregie-Sigonius,
2272 4245 2482 4289 aee-tus
2537 4238 2743 4301 vestigia
