3025 4892
469 333 640 401 1538
1011 351 1048 388 .·
1389 347 1394 351 ·
1432 346 1503 395 τ.
1550 346 1742 398 mvn

795 491 993 552 nando
1016 489 1131 551 tria
1155 488 1344 551 millia
1370 490 1690 572 periissent.
1777 489 1923 550 Hoc
1962 487 2281 552 eventu'c.
2310 490 2521 553 Duilio
2544 510 2687 553 eon·

471 592 601 640 Flor.
636 607 697 644 ιι.
719 598 770 643 2.
794 589 920 650 sule
946 589 1223 649 adversus
1246 587 1469 649 Poenos
1482 590 1666 667 juxta
1702 587 2098 668 Liparaeorum
2141 589 2359 648 insulas
2397 599 2685 650 certatum

470 691 636 738 Zonar.
797 696 922 746 est:
978 686 1135 747 unde
1186 703 1431 764 magnus
1473 684 1767 745 Romanis
1807 685 1981 744 etiam
2031 685 2245 765 praedae
2288 684 2531 758 fruetus,
2578 684 2685 746 sed

710 807 714 811 >
797 782 969 862 longe
991 783 1381 864 amplissimus
1405 781 1607 860 gloriae
1631 780 1924 861 famaeque
1950 781 2082 844 fuit.

879 887 977 940 11.
1002 880 1251 951 Consul,
1272 888 1527 940 assumto
1552 880 1806 939 terrestri
1831 878 2119 949 exercitu,
2139 877 2443 957 Segestam
2460 879 2687 959 profec-

476 987 647 1055 Polyb.
799 985 914 1046 tusa,
937 978 1164 1060 urbem,
1191 998 1234 1036 a
1258 976 1464 1036 Poenis
1487 975 1565 1037 ad
1595 985 1923 1036 extremum
1948 977 2072 1057 spei
2105 976 2402 1046 adactam,
2430 976 2688 1057 periculo

471 1083 635 1134 zonat.
800 1075 1055 1133 exemit.
1099 1073 1238 1133 inde
1263 1072 1593 1134 Macellam
1622 1072 1939 1153 pugnando
1961 1074 2141 1154 oepit,
2173 1071 2522 1133 Hamilcare
2548 1092 2686 1131 niis·

799 1189 978 1249 quam
1004 1189 1303 1230 occurrere
1319 1190 1496 1230 auso:
1539 1169 2013 1249 confirmatisque
2038 1170 2346 1230 civitatum
2369 1169 2690 1229 amicarum

798 1266 1028 1338 animis,
1066 1276 1266 1327 oestate
1297 1269 1430 1347 jam
1472 1267 1849 1339 circumacta,
1914 1260 2177 1326 Romam
2227 1264 2420 1325 rediit.
2502 1264 2696 1344 Cujus

509 1366 658 1417 Diod.
671 1365 775 1420 Ecl.
796 1360 1051 1422 disoessu
1071 1384 1165 1423 res
1184 1364 1436 1423 Punieae
1452 1383 1675 1423 rursum
1688 1363 2045 1424 efflorescere
2059 1370 2377 1444 eoeperunt.
2422 1360 2694 1422 Primum

476 1433 510 1482 ¹·
532 1448 697 1486 ¹¹¹³·
799 1460 955 1519 enim
1002 1459 1081 1519 ab
1120 1459 1423 1522 obddione
1477 1459 1802 1540 Mytistrati
1848 1470 1984 1542 post
2035 1460 2346 1542 septimum
2412 1476 2694 1528 mensem,

478 1560 650 1626 Polyb.
801 1555 999 1615 multis
1023 1576 1257 1615 suorum
1280 1556 1648 1628 desideratis,
1674 1557 2061 1619 discesserunt
2086 1556 2369 1617 Romani.
2456 1554 2699 1615 Deinde

777 1672 934 1712 ,cum
953 1654 1103 1713 inter
1127 1653 1283 1733 ipsos
1309 1661 1371 1714 et
1390 1653 1710 1714 auxiliares
1733 1653 2091 1714 dissensione
2114 1662 2246 1713 orta
2268 1652 2505 1713 seorsim
2531 1671 2571 1711 a
2610 1650 2699 1724 bg

800 1749 1071 1826 gionibus
1116 1749 1264 1810 inter
1306 1749 1614 1831 Paropum
1660 1761 1724 1811 et
1761 1749 2046 1811 Thermas
2078 1758 2275 1812 eastra
2308 1748 2511 1809 metati
2551 1748 2698 1808 socii

799 1854 1012 1915 oesent,
1040 1844 1275 1906 illorum
1300 1847 1577 1908 vecordia
1597 1847 1880 1908 utendum
1904 1855 2065 1907 ratus
2102 1845 2440 1918 Hamilcar,
2480 1846 2698 1927 impro-

801 1942 929 2001 visa
944 1942 1263 2023 irruptione
1289 1963 1465 2025 supra
1490 1943 1681 2005 millia
1720 1953 1971 2024 quatuor
2009 1942 2269 2004 oceidit:
2311 1962 2505 2023 neque
2546 1941 2701 2002 mul-

483 2050 632 2104 Diod.
806 2046 932 2097 tum
957 2037 1150 2099 abfuit
1172 2040 1317 2120 quin
1343 2049 1505 2100 totus
1531 2039 1939 2100 Romanorum
1963 2040 2257 2100 exereitus
2293 2038 2507 2100 eadem
2526 2037 2701 2099 clade

481 2149 649 2201 Zona,
813 2134 1235 2198 involveretur
1325 2136 1483 2195 Tum
1518 2137 1711 2216 igitur
1732 2135 1920 2196 multa
1963 2137 2173 2197 iterum
2213 2136 2436 2217 oppida
2484 2136 2702 2216 partim

806 2240 1146 2310 expugnata
1167 2241 1305 2292 sunt
1328 2232 1407 2291 ab
1429 2231 1832 2304 Hamilcare‚⁸
1874 2233 2085 2314 partim
2111 2231 2437 2314 proditione
2461 2239 2663 2312 capta.

889 2333 987 2387 12.
1031 2328 1188 2395 Quae
1214 2327 1353 2389 licet
1380 2328 1599 2389 Romae
1620 2328 2081 2414 haudquaquam
2106 2328 2257 2389 laetis
2281 2329 2519 2388 auribus
2542 2328 2708 2388 aeci·

485 2444 669 2496 Floms.
806 2433 1099 2503 perentur,
1129 2424 1287 2486 levia
1319 2435 1521 2486 tamen
1546 2425 1767 2486 damna
1789 2445 1911 2506 prae
1936 2424 2154 2504 gaudio
2189 2425 2418 2486 navalis
2440 2424 2705 2486 viotofioe

815 2522 1253 2602 reputabantur.
1338 2522 1494 2582 Cum
1539 2523 1696 2583 enim
1734 2522 2021 2583 haetenus
2056 2520 2337 2582 Romana
2376 2522 2565 2581 virtus
2590 2531 2704 2581 ter-

487 2628 623 2680 Eutr.
812 2618 1090 2680 restribus
1113 2618 1288 2680 bellis
1305 2619 1587 2680 invictam
1603 2639 1667 2679 se
1683 2618 2063 2700 praestitisset‚
2079 2638 2195 2678 non
2213 2618 2320 2678 aba
2338 2638 2400 2678 re
2416 2617 2706 2680 laetabu-

810 2723 903 2773 tur
929 2714 1041 2774 isto
1079 2715 1280 2796 praelio
1309 2715 1730 2776 maritimarum
1770 2734 2004 2796 quoque
2030 2715 2241 2775 virium
2283 2734 2399 2775 non
2441 2722 2708 2774 oontem-

811 2809 1066 2870 nendam
1091 2811 1428 2891 opinionem
1455 2813 1763 2891 quaesitam
1804 2830 1965 2872 esse:
2007 2810 2165 2871 unde
2209 2810 2290 2871 ad
2324 2830 2489 2891 spem
2528 2810 2709 2870 totius

811 2904 958 2964 belli
982 2904 1226 2966 mirifice
1251 2905 1612 2967 oonfirmatis
1632 2908 1844 2968 animis
1862 2907 2159 2968 auctorem
2181 2907 2410 2968 decoris
2445 2907 2708 2967 inusitati

520 3001 981 3068 'rac1novis
1001 3001 1183 3061 etiam
1208 3002 1525 3062 honoribus
1546 3002 1789 3082 dignum
1806 3003 2245 3082 judicaverunt.
2325 3002 2569 3063 Primus
2591 3003 2709 3062 ita·

489 3082 619 3131 Anu.
636 3086 720 3132 ⁴⁹·
816 3115 930 3174 que
958 3094 1199 3156 Duilius
1223 3098 1497 3158 navalem
1523 3099 1882 3179 triumphum
1906 3099 1983 3159 de
2020 3098 2241 3159 Siculis
2263 3109 2325 3159 et
2348 3098 2537 3159 classe
2563 3097 2707 3160 Poe-

493 3147 630 3262 Pange
634 3147 794 3262 Coegit.
815 3191 951 3252 nica
973 3193 1095 3271 egit
1131 3191 1424 3254 Kalendis
1465 3193 1956 3256 Interealaribus.
1998 3194 2249 3275 tulitque
2281 3195 2513 3266 civitas,
2526 3193 2708 3275 quod

489 3282 639 3407 {Pm-
647 3277 783 3392 ¹135:
814 3288 1031 3349 honore
1057 3290 1171 3350 isto
1195 3309 1312 3350 non
1350 3300 1682 3362 contentum,
1711 3292 1894 3351 alium
1933 3291 2046 3351 sibi
2088 3291 2253 3351 nullo
2293 3290 2571 3379 exemplo
2594 3291 2711 3371 pri·

818 3393 985 3445 vatim
1009 3385 1235 3457 sumsit,
1264 3394 1330 3446 ut
1354 3406 1393 3447 a
1408 3407 1578 3447 ooena
1595 3386 1862 3448 redeunti
1889 3367 2151 3448 tibicinis
2176 3388 2326 3448 inter
2349 3397 2592 3448 cantum
2620 3386 2711 3447 fu-

525 3505 655 3556 Plin.
817 3480 953 3541 nale
978 3481 1338 3561 praelueeret.
1424 3482 1726 3544 Columna
1766 3502 2003 3565 quoque
2042 3492 2294 3545 rostrata
2334 3494 2708 3546 senauiseon·

493 3576 755 3746 Χξίἷῐῖἑιῗ·
761 3636 795 3684 1.
816 3575 971 3637 sulto
991 3579 1182 3658 posita
1209 3580 1268 3638 in
1296 3578 1424 3639 foro
1463 3588 1576 3650 est,
1611 3600 1690 3641 ex
1716 3579 1905 3641 Pario
1946 3599 2232 3640 marmore
2270 3578 2551 3649 candido,
2578 3598 2709 3659 quae

629 3704 796 3751 ..666
818 3693 1132 3734 mersorum
1176 3683 1598 3785 captarumque
1649 3677 1888 3736 navium
1952 3695 2275 3749 numerum,
2319 3685 2383 3738 et
2423 3695 2708 3736 summam

525 3763 667 3828 Rgh.
688 3764 791 3813 An-
815 3769 1157 3852 pondusque
1207 3771 1475 3851 pecuniae
1518 3780 1710 3852 captae
1751 3770 2065 3853 eomplexa
2102 3772 2297 3833 adhue
2335 3772 2562 3844 visitur,
2606 3770 2709 3832 sed

816 3867 1047 3927 extritis
1074 3875 1362 3928 vetustate
1386 3867 1694 3928 vocabulis
1719 3867 2014 3948 pluribus:
2058 3869 2185 3928 auri
2210 3877 2405 3928 tamen
2443 3887 2711 3928 nummos

816 3972 1022 4043 captos
1038 3983 1162 4023 esse
1188 3971 1276 4023 ter
1293 3963 1456 4024 mille
1482 3964 1899 4044 septingentos,
1904 3964 1915 3999 ¹
1958 3975 2361 4043 argenteorum
2375 3985 2553 4045 supra
2571 3982 2706 4026 oen-

883 4165 916 4216 8
950 4162 1033 4217 Ita
1057 4162 1284 4216 Crevier.
1305 4180 1369 4216 ex
1397 4163 1620 4221 zonara.
1690 4165 1826 4220 Edd.
1842 4167 2040 4231 priores
2060 4166 2123 4220 ab
2145 4165 2390 4222 Annibale.
