3025 4892
474 341 652 406 1554

473 503 642 551 Zonar.

473 600 560 650 Pol
561 601 646 667 yb.

473 698 642 748 Zonar-

509 1887 622 1936 Val.
643 1885 778 1936 Max.

477 1966 550 2004 vr.
571 1956 622 2002 6.

476 2270 646 2321 Zonar.

474 2655 777 2723 Polyb-130.

477 2947 603 3001 Flor.
622 2953 742 3000 113.

482 3543 778 3609 Polyb-139.

1428 352 1498 401 T.
1553 351 1739 400 lell

885 507 982 560 10.
1027 500 1183 560 Post
1206 500 1359 560 hanc
1383 499 1693 559 victoriam
1723 495 2061 557 Messanam
2089 496 2300 556 reversi
2332 515 2550 576 paucos
2572 494 2715 555 dies'

801 597 1050 657 navibus
1075 596 1520 677 hominibusque
1566 594 1914 665 reficiendis,
1941 602 2002 653 et
2037 592 2303 674 ampliori
2346 594 2701 653 commeatui

801 694 1074 775 parando
1089 694 1399 755 dederunt.
1444 693 1611 755 Inter
1636 713 1784 773 quos
1808 689 2124 751 Hamilcar
2148 711 2285 752 cum
2314 689 2589 751 Africam
2618 690 2698 749 ab

803 791 1096 853 Romanis
1138 791 1288 851 adiri
1330 792 1700 853 vehementer
1755 788 1960 860 nollet,
2014 790 2321 870 prohibere
2360 809 2499 849 vero
2533 788 2593 847 vi
2640 795 2703 847 et

801 891 978 950 armis
1001 909 1116 950 non
1143 897 1360 971 posset,
1408 888 1484 948 ad
1522 888 1692 948 dolos
1716 907 1778 948 se
1819 886 2105 956 contulit:
2152 886 2440 965 missoque
2482 884 2559 944 ad
2598 906 2706 944 eos

802 1007 906 1068 per
929 1007 1167 1048 causam
1196 985 1463 1068 petendae
1488 986 1655 1066 pacis
1681 985 1984 1045 Hannone
2000 993 2230 1064 tempus
2244 983 2553 1044 extrahere
2576 991 2699 1043 sat-

800 1086 943 1163 egit,
990 1085 1180 1145 donec
1213 1083 1424 1166 oopiae,
1460 1103 1615 1164 quas
1648 1083 2009 1163 Carthagine
2052 1082 2165 1142 sibi
2208 1081 2360 1141 mitti
2402 1081 2709 1161 sperabat,-

802 1181 1191 1245 advenissent.
1277 1180 1507 1241 Hanno
1543 1202 1681 1242 cum
1707 1180 1786 1241 ad
1820 1179 2090 1240 consules
2130 1180 2489 1249 accessisset,
2532 1177 2711 1237 audi-

800 1287 1002 1358 retque
1043 1299 1220 1340 voces
1261 1277 1455 1339 ‘idem
1483 1280 1545 1339 in
1582 1278 1748 1339 illum
1774 1277 2148 1339 statuendum
2187 1295 2313 1337 esse
2331 1277 2345 1302 '
2387 1274 2701 1335 clamitan-

800 1377 968 1447 tium,
1014 1386 1030 1413 ‘
1052 1375 1215 1456 quod
1242 1378 1449 1456 quinto
1474 1385 1611 1437 ante
1640 1396 1795 1436 anno
1822 1376 1880 1436 in
1911 1375 2025 1436 Cn.
2061 1372 2404 1435 Cornelium
2444 1372 2703 1432 Asinam

798 1473 1098 1533 consulem
1148 1473 1324 1534 Poeni
1364 1473 1870 1552 designavissent,’
1922 1482 2118 1534 astuto
2159 1491 2431 1552 responso
2475 1469 2707 1551 pericu·

799 1568 922 1630 lum
951 1570 1301 1631 intentatum
1328 1570 1544 1631 elusit:
1591 1582 1607 1608 ‘
1637 1571 1782 1632 Hoc
1821 1571 2005 1641 vero‚'
2053 1570 2265 1650 inquit,
2306 1579 2322 1606 ⁶
2343 1569 2394 1628 si
2420 1566 2697 1637 feceritis,

790 1669 924 1747 jam
948 1667 1135 1729 nihilo
1160 1668 1321 1731 eritis
1343 1668 1510 1729 Afris
1528 1669 1794 1729 meliores
1816 1670 1853 1729 :'
1893 1669 2207 1748 statimque
2232 1665 2500 1727 consules
2525 1684 2703 1725 exce·-

803 1785 941 1846 pere
994 1786 1340 1837 sermonem,
1385 1776 1579 1827 tacere
1608 1768 1809 1847 jussis,
1853 1768 1956 1846 qui
1995 1764 2368 1827 vinciendum
2406 1763 2702 1833 dixerant,

800 1864 1268 1944 conveniensque
1312 1863 1608 1925 Romanae
1647 1865 1836 1944 gentis
1877 1864 2155 1943 gravitati
2195 1883 2316 1924 vox
2342 1862 2546 1923 audita
2568 1869 2661 1921 est
2682 1880 2709 1919 r

803 1969 820 1995 ‘
845 1959 974 2022 Isto
1000 1969 1062 2021 te
1085 1970 1268 2033 metu,
1300 1960 1554 2032 Hanno,
1583 1960 1732 2022 fides
1756 1962 2015 2022 civitatis
2040 1970 2251 2021 nostrae
2280 1960 2533 2021 liberat!
2604 1957 2707 2018 De

802 2078 972 2140 pace,
1002 2061 1147 2140 quia
1171 2080 1362 2140 neque
1392 2059 1618 2121 Poenus
1642 2061 1793 2120 serio
1829 2060 2068 2139 agebat,
2095 2058 2478 2139 consulesque
2514 2058 2703 2118 victo-

801 2157 948 2216 riam
974 2176 1154 2237 quam
1179 2177 1386 2239 pacem
1424 2156 1747 2229 malebant,
1776 2155 1991 2218 frustra
2025 2157 2312 2236 agitatum
2339 2164 2447 2216 est.
2532 2153 2705 2213 Afri-

799 2274 1012 2315 canam
1039 2254 1214 2333 igitur
1238 2254 1676 2336 expeditionem
1702 2255 1923 2315 diutius
1947 2254 2171 2315 differri
2192 2274 2308 2314 non
2337 2252 2578 2334 placuit.

882 2359 981 2412 1⁴1.
1027 2351 1249 2432 Neque
1291 2351 1467 2413 Poeni
1507 2352 1690 2413 duces
1720 2352 2020 2424 obstitere,
2067 2371 2407 2432 quanquam
2450 2351 2599 2408 inter
2641 2370 2711 2409 se

799 2449 1237 2510 constituissent
1261 2449 1525 2531 quietum
1553 2451 1662 2511 iter
1688 2452 1839 2511 hosti
1866 2470 1980 2511 non
2007 2449 2351 2519 concedere,
2378 2448 2481 2508 sed
2508 2447 2711 2508 diver«

800 2547 877 2606 sis
902 2567 980 2608 ex
1023 2548 1289 2628 partibus
1313 2568 1555 2628 carpere
1580 2548 1947 2629 morarique:
1990 2559 2247 2609 ceterum
2296 2546 2598 2606 Hannone
2625 2545 2703 2606 ad

802 2645 1306 2724 praemuniendam
1345 2645 1769 2724 Carthaginem
1812 2646 2146 2716 festinante,
2176 2644 2520 2715 Hamilcar,
2556 2643 2705 2704 nihil

803 2762 1036 2803 movere
1064 2764 1260 2814 ausus,
1295 2741 1617 2803 Heracleae
1651 2764 1713 2804 se
1745 2746 2069 2805 continuit:
2112 2764 2293 2804 naves
2325 2742 2621 2802 Romanae
2645 2751 2709 2802 et

803 2840 880 2899 ab
907 2839 1171 2900 hostibus
1196 2850 1259 2901 et
1285 2860 1324 2900 a
1350 2849 1700 2921 tempestate
1727 2851 2003 2923 pacatum
2028 2843 2138 2902 iter
2161 2842 2509 2901 habuerunt.
2570 2838 2640 2900 N
2642 2860 2707 2899 e-

801 2956 917 3016 que
962 2935 1291 3008 defuerant,
1337 2939 1439 3017 qui
1484 2937 1865 3018 longinquam
1909 2940 2364 3018 navigationem,
2406 2948 2468 2999 et
2492 2936 2707 2997 hostile

802 3032 987 3104 littus,
1015 3034 1323 3115 ipsumque
1352 3033 1584 3096 Africae
1622 3057 1832 3098 nomen
1857 3038 2353 3106 exhorrescerent,
2382 3045 2519 3095 ante
2545 3045 2709 3095 cete·-

801 3152 895 3192 ros
920 3132 1225 3212 imperium
1258 3131 1627 3194 detrectante
1665 3135 1897 3196 tribuno
1935 3136 2186 3196 militum
2226 3135 2495 3195 Mannio.
2583 3133 2707 3194 Sed

800 3227 1079 3290 adversus
1119 3231 1275 3291 hunc
1302 3231 1387 3291 ita
1412 3233 1634 3292 exarsit
1660 3232 1955 3312 Regulus,
1996 3241 2063 3293 ut
2101 3233 2296 3312 virgas
2339 3234 2708 3313 securimque

801 3327 1188 3398 minitaretur,
1217 3330 1277 3388 ni
1304 3331 1611 3410 paruisset.
1700 3329 1803 3390 Ita
1817 3333 2053 3390 demum
2080 3331 2399 3412 praestitum
2418 3339 2510 3389 est
2534 3331 2707 3391 obse⁴

801 3424 1004 3502 quium
1028 3425 1279 3497 consuli,
1308 3425 1797 3507 formidinemque
1825 3428 2143 3506 navigandi
2170 3429 2404 3509 propior
2429 3435 2491 3487 et
2517 3429 2709 3507 major

802 3530 991 3581 metus
1014 3522 1264 3604 expulit.
1352 3524 1701 3586 Hermaeum
1737 3527 2131 3606 promontorio
2156 3546 2363 3586 nomen
2400 3535 2513 3597 est,
2546 3526 2707 3606 quod

801 3638 840 3678 a
861 3617 991 3678 sinu
1020 3619 1399 3700 Carthaginis
1431 3623 1490 3694 in
1533 3643 1695 3683 mare
1730 3623 1998 3684 Siculum
2043 3623 2162 3683 late
2202 3625 2529 3704 procurrit:
2574 3644 2706 3684 eam

798 3735 963 3777 oram
1002 3718 1205 3797 primoe
1248 3717 1658 3781 Romanorum
1698 3742 1878 3782 naves
1914 3732 2245 3784 tenuerunt.
2344 3721 2442 3782 Ibi
2483 3723 2706 3803 paulis-

801 3834 904 3893 per
928 3824 1245 3895 expectato
1271 3816 1461 3877 donec
1487 3827 1614 3879 tota
1638 3818 1841 3880 classis
1865 3820 2252 3889 convenisset,
2282 3819 2446 3880 littus
2472 3820 2706 3882 Africa

799 3916 1166 3994 praetervecti
1191 3916 1458 3978 consules
1497 3919 1577 3979 ad
1607 3919 1900 4001 Clupeam
1926 3920 2129 3980 urbem
2157 3939 2489 4000 pervenere.
2577 3919 2707 3981 Hic

801 4008 1061 4088 legiones
1086 4015 1369 4095 expositae
1397 4026 1554 4088 sunt,
1603 4017 1965 4097 navibusque
2012 4018 2070 4076 in
2108 4026 2339 4099 portum
2375 4016 2703 4089 subductis,

800 4106 1028 4167 vallum
1058 4129 1130 4170 ac
1171 4110 1346 4184 fossa,
1391 4134 1511 4193 quo
1554 4115 1796 4175 tutiores
1834 4123 2046 4185 essent,
2089 4115 2499 4175 circumdata:
2544 4116 2703 4188 urbs,

804 4205 946 4284 quia
961 4204 1319 4271 deditionem
1335 4210 1656 4288 abnuebat,
1678 4212 1932 4289 obseoea,
1950 4214 2264 4294 statimque
2284 4221 2442 4274 metu
2457 4214 2703 4287 civium»
