3025 4892
478 331 653 402 1662

480 498 592 563 diu
636 495 933 561 defensa.
1021 493 1134 559 Ab
1171 493 1630 559 Hermandica
1661 492 1948 579 profugi,
1980 493 2297 560 exulibus
2329 493 2686 575 Olcadum,

473 600 693 684 priore
733 605 973 664 aestate
1022 597 1298 662 domitae
1344 600 1588 681 gentis,
1620 617 1774 662 cum
1807 617 1881 661 se
1910 595 2315 681 junxissent,
2346 601 2687 665 concitant

479 702 981 786 Carpetanosz‘*
1026 702 1375 786 adortique
1420 702 1892 779 Hannibalem,
1940 691 2313 785 regressum
2363 722 2454 768 ex
2498 702 2685 768 Vac-

479 807 668 883 caeiS,
697 804 873 870 haud
917 804 1156 887 procul
1186 804 1376 888 Tago
1408 802 1721 869 flumined
1765 824 2006 887 agmen
2036 825 2239 888 grave
2270 806 2500 891 praeda
2546 814 2681 870 tur-

475 910 739 972 bavere.
827 906 1178 973 Hannibal
1221 908 1456 991 praelio
1498 908 1868 989 abstinuit3
1925 909 2305 993 castrisque
2351 928 2557 993 super
2599 910 2686 974 ri-

474 1030 636 1095 pam
687 1010 960 1094 positis,
1015 1030 1166 1075 cum
1217 1011 1433 1094 prima
1486 1011 1682 1096 quies
1729 1011 2193 1097 silentiumque
2237 1014 2324 1077 ab
2370 1012 2684 1077 hostibus

474 1114 627 1191 fuit,
654 1113 947 1177 amnem⁸
974 1113 1145 1179 vado
1171 1112 1473 1197 trajecit:
1521 1114 1837 1198 valloque
1863 1114 1959 1179 ita
1983 1115 2329 1199 producto,
2351 1122 2427 1179 ut
2450 1115 2684 1179 locum

475 1217 560 1282 ad
605 1216 1215 1299 transgrediendum
1258 1218 1486 1282 hostes
1534 1217 1867 1296 haberent,
1907 1218 2223 1284 invadere
2263 1238 2383 1284 eos
2429 1227 2687 1283 transe-

475 1325 669 1384 untes
689 1321 946 1385 statuit.
1014 1319 1373 1405 Equitibus
1399 1321 1744 1404 praecepit,
1765 1328 1864 1400 ut,
1888 1341 2041 1385 cum
2065 1322 2404 1404 ingressos
2431 1340 2683 1407 aquam

474 1423 799 1502 viderent,
830 1424 1266 1489 adorirentur.
1355 1422 1673 1489 Peditum
1721 1443 1956 1506 agmen
1988 1424 2057 1489 in
2089 1426 2256 1511 ripa,
2286 1425 2688 1512 elephantos

475 1537 632 1591 ante
661 1524 1098 1611 quadraginta
1129 1524 1508 1609 disposuit.⁹
1596 1524 2123 1609 Carpetanorum
2160 1547 2316 1592 cum
2351 1527 2688 1612 appendi-

477 1629 673 1695 cibus
706 1627 1033 1694 Olcadum
1063 1627 1637 1713 Vaccaeorumque
1660 1636 1920 1695 centum
1944 1632 2158 1697 millia
2178 1632 2390 1715 fuere3
2431 1633 2687 1697 invicta

475 1733 687 1812 acieS,
710 1733 779 1796 si
824 1751 1026 1816 aequo
1058 1732 1493 1797 dimicaretur
1527 1753 1791 1818 campo.
1882 1735 2130 1819 Itaque
2159 1745 2225 1800 et
2267 1736 2541 1819 ingenio
2586 1735 2685 1800 fe-

473 1857 692 1908 roces,
721 1842 788 1901 et
807 1836 1232 1902 multitudine
1255 1836 1433 1916 freti,
1459 1845 1548 1916 et,
1579 1836 1766 1921 quod
1797 1843 1973 1902 metu
2001 1840 2292 1904 cessisse
2317 1839 2690 1904 credebant

471 1940 764 2018 hostem,
811 1938 882 2004 id
929 1940 1166 2004 morari
1214 1940 1560 2005 victoriam
1606 1940 1761 2017 rati,
1809 1941 1988 2023 quod
2039 1941 2393 2005 interesset
2437 1942 2691 2020 amnis,

473 2043 764 2109 clamore
808 2042 1098 2123 sublato,
1131 2046 1386 2127 passim
1442 2043 1588 2108 sine
1639 2043 1845 2107 ullius
1892 2045 2200 2127 imperio,
2246 2064 2382 2128 qua
2429 2045 2689 2128 cuique

418 2227 423 2232 ¹
471 2146 855 2232 proximum
903 2153 1029 2223 est,
1068 2145 1137 2210 in
1183 2165 1441 2211 amnem
1486 2153 1706 2213 ruunt.
1798 2147 1884 2210 Et
1931 2167 2021 2212 ex
2057 2153 2246 2233 parte
2275 2148 2488 2213 altera
2519 2150 2694 2233 ripae

474 2250 577 2314 vis
634 2252 869 2333 ingens
925 2250 1223 2338 equitnm
1282 2249 1348 2312 in
1401 2249 1644 2313 flumen
1699 2250 2021 2325 immissa,
2075 2250 2431 2335 medioque
2482 2250 2689 2316 alveo

470 2352 992 2438 haudquaquam
1022 2353 1172 2436 pari
1201 2355 1560 2419 certamine
1592 2372 2010 2430 concursum,
2043 2354 2298 2438 quippe
2327 2353 2446 2417 ubi
2477 2354 2692 2437 pedes

470 2457 825 2535 instabiliS,
859 2476 940 2521 ac
987 2455 1107 2520 vix
1138 2455 1315 2520 vado
1354 2456 1592 2534 fidem,
1626 2458 1735 2521 vel
1767 2457 1852 2521 ab
1875 2464 1925 2493 ¹⁰
1965 2456 2195 2521 inermi
2225 2457 2474 2541 equite,
2507 2475 2696 2542 equo

476 2566 719 2626 temere
764 2567 943 2638 acto,
975 2559 1265 2643 perverti
1309 2567 1587 2643 posset3
1634 2579 1873 2645 equeS,
1901 2579 2182 2645 corpore
2225 2562 2574 2645 armisque
2607 2560 2693 2626 li-

1430 348 1499 396 'r.
1552 345 1740 408 mvn

1387 2723 1756 2745 ”OOWOO

473 2826 555 2876 vel
596 2827 760 2876 horum
799 2841 840 2878 s.
877 2840 1038 2875 eorum
1069 2825 1243 2877 arbes?
1278 2826 1600 2890 Rupert.—8
1634 2826 1720 2876 At.
1755 2830 2044 2888 agnem—⁹
2075 2826 2089 2855 ‘
2114 2826 2405 2890 Elephanton
2438 2832 2556 2877 unte
2588 2826 2700 2890 (sc.

470 2890 705 2955 pedites)
745 2891 858 2942 XL.
880 2893 1136 2954 disposuit.-
1173 2892 1224 2940 iu
1253 2894 1509 2956 plerisque
1534 2894 1662 2941 Mss.
1686 2899 1845 2942 autem
1870 2907 1962 2954 pro
1993 2895 2124 2953 ante,
2146 2901 2201 2940 et
2234 2892 2283 2940 in
2309 2892 2447 2941 Flor.
2467 2894 2699 2956 elephan-

473 2962 548 3007 tos
569 2956 717 3020 (XL.
740 2964 897 3005 uatem
918 2955 1084 3019 erent)
1108 2958 1336 3018 disponit,
1360 2958 1510 3019 prob.
1532 2957 1699 3007 Gron.
1721 2958 1782 3005 od
1801 2956 1918 3005 XL.
1943 2958 2083 3020 conj.
2099 2957 2276 3015 Sigon.
2326 2957 2410 3007 Ita
2427 2966 2482 3006 et
2503 2958 2698 3023 Polyb»

472 3034 560 3072 ιιι.
585 3026 664 3072 14.
687 3022 772 3085 qui
795 3020 1001 3069 omuino
1026 3020 1091 3070 ad
1129 3028 1293 3072 totum
1319 3022 1417 3072 boc
1442 3033 1601 3087 caput
1624 3020 1974 3072 conferendus
1995 3021 2113 3072 est.’
2145 3022 2350 3088 Καρσί.
2418 3023 2536 3073 vid.
2557 3025 2696 3075 hot.

1461 3170 1676 3222 NOTAE

534 3276 557 3302 0
594 3268 846 3317 Com-itone
895 3269 1207 3334 Carpetanos]
1255 3268 1319 3319 Iu
1359 3268 1531 3320 Medi·
1615 3267 1789 3318 cronis
1823 3280 1884 3316 ac
1917 3267 2123 3331 Duriae,
2138 3268 2336 3324 oritnr;
2369 3274 2423 3317 et
2445 3268 2698 3320 salutatio

469 3345 620 3394 tullio
656 3343 820 3396 ferme
859 3346 1124 3410 Hispaniae
1166 3345 1372 3395 (inerunt
1404 3347 1531 3397 Car·
1610 3347 1795 3397 Toleto
1832 3354 1992 3410 atque
2029 3345 2149 3394 inde
2184 3342 2593 3408 Augustobriga,
2629 3353 2694 3395 et

471 3421 671 3486 petaui,
711 3422 776 3471 ad
833 3430 1102 3488 utramque
1146 3425 1272 3488 Tagi
1330 3424 1530 3488 ripam;
1616 3423 1799 3474 Norba
1842 3424 2098 3484 efflares,
2138 3422 2421 3471 Vettonum
2467 3421 2702 3485 oppido,

473 3513 690 3562 quornm
728 3506 887 3562 caput
925 3498 1181 3563 Toletum,
1216 3513 1248 3548 ι
1285 3499 1531 3568 Romanis
1613 3499 1832 3549 mediam
1879 3497 1990 3547 fere
2035 3497 2349 3547 Lusitaniam
2387 3505 2554 3560 secat,
2593 3499 2697 3548 nbi

471 3575 662 3625 deinde
702 3576 1072 3626 Tarraconensi
1109 3576 1417 3639 Provinciae,
1448 3593 1532 3641 ac,
1615 3575 1869 3627 scalabim
1907 3573 2070 3630 alluit,
2108 3587 2170 3622 sc
2209 3570 2308 3621 sub
2350 3570 2697 3636 olysippone
2735 3585 2746 3606 ⁸

469 3663 590 3717 post
641 3653 792 3716 liujus
844 3652 1160 3716 tripertitam
1211 3653 1532 3713 divisionem,

471 3732 865 3796 Carthaginensi
889 3733 1202 3782 contributi:
1239 3748 1357 3797 pars
1380 3734 1531 3785 hodie

466 3809 717 3935 2⁸22„ae
759 3825 924 3870 noroe,
959 3825 1074 3876 quae
1110 3812 1263 3874 vulgo
1296 3826 1440 3877 reyno
1470 3814 1531 3863 de

511 3887 556 3934 ol
641 3919 656 3935 .

529 3961 552 3996 ‘¹
590 3964 741 4013 Haud
759 3963 925 4025 procul
947 3963 1078 4027 Tago
1098 3964 1328 4030 stantiae]
1364 3963 1527 4015 Nobi—

463 4040 685 4091 lissimus
726 4038 993 4103 Hispaniae
1030 4051 1147 4104 post
1186 4042 1395 4091 Iberum
1430 4039 1530 4092 flu-

466 4117 578 4167 vius
594 4125 674 4166 est
687 4117 877 4180 Tagus,
891 4117 979 4182 qui
998 4132 1061 4166 ex
1082 4118 1320 4169 Idubeda
1340 4126 1534 4183 monte,

467 4207 620 4258 quern
656 4208 718 4242 eo
755 4201 924 4244 tractu
958 4205 1149 4245 vocant
1181 4196 1330 4247 hodie
1365 4197 1534 4247 Simu

468 4272 529 4321 de
549 4271 828 4336 Acherunta,
849 4285 953 4322 uon
976 4273 1159 4337 procul
1181 4272 1409 4325 fontibus
1435 4274 1531 4324 Su-

1612 3655 1665 3704 in
1712 3653 1982 3704 Oceanum
2026 3649 2351 3700 Atlanticum
2396 3645 2699 3701 effunditur

1611 3731 1747 3781 iuter
1769 3730 1872 3779 duo
1897 3727 2268 3792 promontoria,
2286 3726 2556 3790 Magnum,
2572 3727 2697 3779 sive

1613 3807 1789 3861 Lunae,
1809 3811 1862 3854 et
1882 3803 2211 3854 Barbarium.
2269 3802 2474 3853 Dicitur
2497 3819 2698 3857 aureas

1610 3898 1795 3933 arenas
1827 3882 2057 3942 volvere,
2079 3889 2133 3930 et
2165 3893 2322 3946 equas
2345 3879 2491 3930 circa
2512 3881 2695 3946 ripam

1607 3976 1751 4011 sitam
1792 3959 1931 4009 alere
1966 3957 2368 4023 pernicissimas,
2395 3972 2526 4022 quas
2561 3959 2701 4011 ideo

1611 4049 1764 4089 vento
1798 4038 2037 4103 gravidas
2072 4035 2185 4086 fieri
2219 4038 2413 4086 volunt.
2479 4037 2697 4088 Castel-

1609 4120 1740 4171 lanis
1792 4120 1946 4183 vulgo
1995 4120 2133 4185 Teio,
2179 4115 2501 4182 Portugallis
2549 4116 2702 4182 Teio,

1614 4195 1759 4248 nobis
1782 4196 1827 4247 le
1851 4195 2003 4258 Tage.
