3025 4892
830 411 1034 459 unm
1085 387 1257 458 xix'.
1302 385 1957 457 sueesssmssnruu.
2325 369 2510 453 1603

284 594 393 652 que
418 570 662 633 classem
691 569 999 632 duceret!’
1082 567 1279 632 Nulla
1306 569 1425 629 fere
1454 568 1667 629 nobilis
1705 563 1922 650 Romae
1965 564 2173 626 domus

280 679 424 741 erat,
470 670 612 750 quin
657 668 977 729 Claudiam
1026 679 1260 754 gentem
1306 669 1636 751 propinqua
1675 663 2023 744 cognatione
2071 647 2178 722 aut

280 765 559 826 affinitate
584 768 964 846 contingeret.
1049 766 1267 847 Itaque
1294 787 1410 826 non
1446 766 1692 824 deerant
1717 763 1819 843 qui
1846 782 2002 821 ream
2046 745 2176 820 tue:

280 874 494 935 rentur,
523 862 851 924 claritatem
891 863 1155 934 familiae,
1184 866 1367 945 patris
1394 861 1585 944 Appii
1613 861 1841 930 merita,
1885 843 2178 939 fragilita-³

279 965 396 1020 tem
424 982 601 1020 sexus
626 962 1044 1021 obtendentes:
1091 970 1107 996 ⁸
1134 960 1459 1022 inauditum
1484 981 1607 1019 esse
1636 956 1899 1018 foeminas
1920 956 1996 1015 ad
2007 953 2172 1036 judi-2

278 1057 431 1117 cium
460 1057 667 1140 populi
704 1060 942 1119 vocari:
988 1079 1175 1139 neque
1216 1058 1359 1117 satis
1406 1075 1643 1135 gravem
1686 1073 1947 1123 causam,
1990 1073 2094 1112 cur
2137 1041 2398 1138 aJSuetou»

277 1153 538 1214 Claudia
565 1176 690 1216 mos
713 1177 899 1217 novus
924 1156 1229 1238 inciperet,
1258 1176 1412 1238 quae,
1442 1152 1605 1213 nullo
1634 1160 1737 1211 aut
1774 1149 2042 1220 consilio,
2071 1155 2175 1209 aut

274 1248 434 1312 facto
477 1253 783 1332 majestate
831 1252 1035 1335 populi
1079 1251 1344 1313 Romani
1388 1250 1713 1319 deminuta,
1757 1256 1986 1307 tantum
2021 1245 2175 1332 intra

273 1349 455 1408 verba
481 1351 889 1430 peccavisset?
967 1349 1302 1411 Adversum
1331 1369 1463 1430 quae
1492 1347 1611 1408 duo
1628 1345 1844 1406 tribuni
1871 1327 2175 1425 plebis'ita

274 1443 596 1505 disseruere
619 1468 634 1506 ε
667 1455 684 1482 ⁶
706 1447 907 1512 Quam
934 1447 1196 1529 impiam,
1216 1467 1516 1528 quamque
1535 1425 1945 1506 detestabilem
1966 1461 2173 1502 vocem
2269 1431 2276 1442 ’

275 1539 538 1602 Claudia
571 1543 810 1624 jecerit,
838 1564 953 1604 non
980 1545 1282 1624 ignoratis,
1311 1543 1614 1610 Quirites·:
1660 1561 1848 1622 neque
1876 1540 2028 1597 enim
2056 1535 2170 1596 tes·-

272 1637 529 1698 timoniis
549 1662 698 1722 opus
725 1649 832 1722 est,
855 1641 1173 1702 confitente
1200 1662 1337 1724 rea:
1382 1661 1571 1724 neque
1600 1633 1777 1700 etiam
1804 1619 1909 1696 illa
1927 1641 2171 1715 negare,

271 1736 318 1793 si
343 1736 548 1810 vellet,
577 1749 791 1819 posset,
821 1740 1204 1821 quod‘palam
1233 1735 1290 1800 in
1320 1735 1580 1821 publicO,
1624 1758 1738 1798 non
1766 1734 2001 1804 Jovem,
2038 1753 2172 1794 cum

270 1832 379 1890 sub
405 1831 506 1892 dio
527 1835 656 1922 hae.⁰
670 1835 915 1916 diceret,
946 1858 1057 1898 non
1078 1835 1518 1920 multitudinem¹
1533 1834 1973 1915 ipsauscivium‚
1993 1831 2171 1912 quam

271 1931 603 2014 incusabat,
632 1934 900 2006 reverita,
931 1934 1157 2016 effudit.
1182 1985 1191 1994 .
1246 1935 1542 2001 Quorsum
1575 1932 1931 2022 igitur,.cum
1954 1927 2169 1992 decri-

272 2028 425 2087 miue
467 2031 716 2134 constet?
758 2031 833 2106 ,de
876 2053 1049 2113 poena
1093 2030 1475 2092 dubitamus?
1518 2009 1822 2092 Parumne
1851 2017 2172 2105 'diligenter
2229 2044 2287 2096 L,
2310 2048 2391 2094 29.
2411 2053 2466 2094 et

270 2123 501 2203 legibus
517 2126 863 2187 cautum'est
880 2113 1003 2187 Tan
1035 2127 1160 2201 nos,
1178 2129 1357 2189 verba
1382 2129 1580 2208 legum
1598 2135 1988 2196 numerantcS,
2011 2113 2172 2184 men-⁸
2195 2110 2363 2240 ’1ῗέἐίξῖ
2385 2111 2457 2224 ‘¹¹ss

268 2231 386 2281 tem
430 2244 635 2282 earum
675 2221 1078 2312 circumveniri
1104 2227 1399 2308 patimur?
1444 2225 1766 2286 Foeminam
1809 2221 2172 2306 hocjudicio
2200 2259 2239 2294 ι,
2263 2210 2413 2291 εἰμὶ.
2460 2207 2487 2225 ‘

270 2319 393 2399 peti
440 2342 658 2380 novum
700 2343 822 2381 esse
865 2323 1247 2384 contendunt.
1336 2323 1522 2383 Esto:
1569 2343 1783 2382 novum
1809 2315 1965 2380 enim
1993 2320 2174 2380 etiam

266 2427 377 2489 est,
414 2417 711 2477 foeminam
733 2420 843 2479 hoc
872 2432 1049 2501 pacto
1075 2421 1448 2503 delinquere:
1494 2418 1746 2480 necdum
1789 2417 1943 2478 enim
1990 2399 2174 2473 ullam'

269 2523 439 2575 tanta
479 2514 853 2596 improbitate
883 2517 1185 2578 mulierem
1214 2501 1357 2578 urbs¹
1390 2528 1588 2578 nostra
1613 2517 1848 2577 tulerat.
2081 2515 2090 2526 ⁶

349 2619 451 2671 41.
500 2622 517 2647 ‘
543 2612 750 2693 Atque
778 2614 1001 2674 utinam
1032 2638 1104 2676 ne
1132 2637 1286 2675 nuuc
1314 2615 1551 2697 quidem
1581 2634 1796 2674 novum
1837 2599 2174 2700 exemplum

266 2709 450 2768 statui
476 2730 627 2790 opus
651 2712 835 2769 esset!
882 2713 1191 2774 mallemus
1233 2713 1496 2795 profecto
1527 2709 1703 2770 nullis
1740 2707 1970 2767 delictis
2009 2705 2174 2786 quie-

268 2815 393 2865 tam
423 2827 496 2866 ac
528 2805 708 2867 veluti
735 2809 1031 2869 conditam
1062 2810 1257 2890 legum
1302 2810 1486 2869 aciem
1516 2803 1666 2890 pati,
1695 2801 1873 2887 quani
1901 2804 2179 2884 adversus

268 2913 572 2974 nocentes,
602 2904 730 2963 utili
760 2906 1021 2985 quidem,
1065 2907 1167 2966 sed
1214 2916 1410 2966 tamen
1450 2906 1690 2977 acerb0,
1727 2905 1913 2984 rigore
1939 2895 2175 2988 distrin}

265 3021 426 3079 gere.
519 2999 797 3060 Ceterum
823 3003 1052 3063 civitati
1078 3013 1231 3063 stare
1258 3005 1476 3064 volenti
1503 3002 1832 3062 necessaria
1867 2999 2062 3079 legum
2088 3001 2179 3056 est

264 3097 575 3157 custodia:
633 3119 780 3178 quas
822 3102 1024 3182 utique
1067 3101 1302 3160 minime
1347 3102 1633 3160 deberent
1670 3099 2028 3167 subvertere,
2077 3089 2179 3176 qui

262 3194 614 3275 reipublicae
666 3205 877 3257 nostrae
925 3198 1215 3282 principes
1252 3207 1311 3258 et
1351 3198 1650 3258 columina
1697 3195 1902 3255 haberi
1947 3191 2175 3252 volunt.

265 3291 445 3358 Quos
470 3291 736 3373 profecto
749 3296 903 3373 juris
944 3296 1134 3355 omnis
1166 3296 1543 3377 peritissimos
1581 3294 1764 3354 latere
1808 3313 1922 3350 non
1960 3299 2174 3371 potest,
2201 3272 2514 3386 VLSl’lflibd‘

261 3409 403 3447 cum
430 3388 780 3476 pluribuslin
824 3391 1050 3471 legibus
1076 3391 1239 3452 nulla
1266 3395 1342 3453 sit
1376 3394 1655 3474 expressa
1680 3388 1987 3452 mulierum
2016 3407 2176 3445 men·
2204 3372 2351 3457 nstit‘.
2373 3373 2459 3453 ιδ’.

262 3486 372 3557 tio,
418 3488 604 3547 verbo
628 3490 683 3549 εἰ
711 3487 867 3572 quis,
888 3487 987 3566 'et'
1010 3487 1339 3576 similibu'ss
1360 3511 1477 3548 non
1519 3481 1709 3572 minus
1755 3487 1919 3546 illum
1947 3504 2175 3554 sexum,

262 3603 451 3662 quam
481 3571 866 3646 masculinum
893 3577 1213 3666 contineri..
1260 3586 1426 3653 Quid
1460 3587 1636 3665 igitui-
1663 3585 1892 3653 mirum,
1921 3583 1969 3641 si
1996 3579 2177 3660 leges',

262 3701 405 3760 quae
447 3680 1024 3778 d-e‘majestatej'latae
1042 3673 1208 3762 sunt,
1234 3683 1630 3772 ‘ad'utrumvis
1656 3701 1862 3741 sexum
1889 3679 2177 3760 pertinere

262 3775 586 3852 credimus,
628 3799 763 3838 cum
789 3779 1066 3861 exemplo
1093 3765 1170 3840 sit
1201 3779 1401 3840 isthaec
1430 3777 1713 3849 Claudia,
1744 3777 1819 3835 ab
1850 3776 2069 3836 uti-ovis
2117 3775 2176 3833 in

262 3894 368 3933 eas
398 3861 634 3955 peccari
662 3877 871 3955 posse?
916 3876 1033 3936 Sed
1050 3867 1300 3937 'elevant'
1321 3875 1407 3935 illi
1429 3897 1576 3960 rem,
1603 3875 1965 3976 parvumque
1992 3871 2176 3931 videri

262 3970 557 4030 delictum
584 3963 814 4044 volunt,
840 3973 1000 4053 quod
1030 3975 1183 4034 ultra
1204 3976 1385 4035 verba
1412 3995 1528 4033 non
1551 3971 1945 4055 processisset.
2028 3967 2175 4031 Hoc

262 4068 423 4127 enim
454 4070 738 4140 restabat,
782 4079 847 4129 ut
887 4079 1185 4142 conatum,
1234 4055 1726 4141 studium,’facta
1769 4068 2175 4146 conjungeret,

262 4185 403 4224 cum
432 4163 645 4224 Poenis
669 4167 915 4226 consilia
939 4167 1209 4248 sociaret,
1237 4170 1594 4228 centuriaret
1620 4165 1904 4236 homineS,
1927 4172 2182 4226 armaret

262 4263 530 4333 servitia,
575 4274 894 4345 occuparet
919 4265 1306 4347 Capitolium,
1352 4275 1413 4325 et
1439 4274 1683 4346 pestem,
1731 4283 1909 4342 quam
1949 4261 2180 4322 civibus

266 4359 455 4417 verbo
481 4369 747 4430 voverat,
776 4383 947 4441 opere
969 4384 1201 4442 quoque
1225 4365 1351 4442 ipso
1380 4373 1438 4420 et
1466 4381 1640 4420 manu
1670 4359 1952 4418 inferret?
