3025 4892
518 327 695 395 1646

523 687 690 736 Zonar.

557 1064 662 1122 Liv-
683 1063 823 1127 Epir.

566 1354 775 1421 Appi-n.

520 1421 662 1533 Ἢ
679 1501 759 1550 .,,.

523 1549 691 1599 Vales-

555 1740 821 1806 Polyban.

528 1809 607 1858 16.

548 2117 621 2165 Po
592 2115 767 2182 oalyb
748 2130 822 2167 iv.

526 2245 737 2310 Appian-

548 2408 620 2457 Ρο
591 2408 778 2474 emm,

530 2477 609 2524 ιο

540 3167 632 3217 Liv
602 3184 733 3217 mxx
701 3182 825 3217 xlm

522 3237 606 3284 22.

554 3297 661 3347 Liv.
684 3295 779 3362 Epi
763 3303 820 3347 nt.

523 3377 618 3412 ΣΧ.

1472 339 1546 394 ·1·.
1592 340 1780 391 lell

846 507 1036 549 eessor
1062 486 1399 558 Hannibal,
1429 484 1506 544 de
1533 488 1703 565 cnjus
1727 485 1908 545 initiis
1931 483 2223 565 gestisque
2249 481 2441 544 malta
2466 482 2746 565 deinceps

846 586 1056 665 maJori
1092 585 1296 667 spiritu
1338 582 1595 643 dicenda
1635 590 1822 643 erunt.
1908 579 2148 641 Interea
2186 582 2321 641 novi
2365 579 2637 641 consules
2670 581 2741 640 L.

848 679 1156 750 Veturius,
1206 679 1282 740 C.
1320 679 1592 739 Lutatius
1626 698 1764 738 cum
1800 678 2063 738 exercitu
2106 675 2184 736 ad
2229 675 2425 757 Alpes
2460 677 2745 757 progressi

848 786 1063 837 sunt:⁶
1102 776 1205 835 sed
1230 774 1663 835 conditionibus
1702 774 1910 852 magis,
1945 792 2126 853 quam
2158 774 2334 832 armis
2371 772 2484 843 usi,
2529 770 2746 831 multos

848 892 1047 933 eorum
1088 872 1348 931 locorum
1394 869 1645 952 populos
1686 868 1987 930 voluntate
2031 870 2286 951 ipsorum
2311 867 2392 928 ad
2418 867 2739 927 amicitiam

850 967 1191 1028 Romanam
1220 966 1613 1026 adduxerunt.

930 1070 1031 1127 57.
1078 1062 1317 1122 Bellum
1358 1063 1472 1122 boc
1496 1070 1758 1142 tempore
1798 1081 1933 1122 cnm
1977 1058 2205 1141 Illyriis
2243 1060 2630 1120 instauratum
2657 1067 2748 1117 est

850 1159 1220 1241 improbitate
1243 1156 1535 1217 Demetrii
1551 1157 1785 1229 Pharii,
1810 1156 2085 1217 adversus
2109 1176 2306 1236 quem,
2331 1155 2440 1216 sub
2469 1154 2746 1214 amicitiae

850 1253 1141 1316 Romame
1160 1262 1452 1336 praetextu
1475 1254 1702 1314 vicinas
1723 1254 1994 1314 civitates
2017 1253 2257 1313 arbitrio
2270 1272 2377 1312 suo
2400 1259 2745 1319 vexantem,

847 1352 1117 1412 omnibus
1139 1371 1216 1411 ex
1244 1351 1506 1431 partibus
1531 1349 1784 1429 querelae
1820 1358 2125 1410 venerunt.
2209 1346 2280 1409 N
2283 1368 2379 1408 am
2424 1346 2611 1407 fretus
2636 1367 2744 1426 po-

849 1447 1059 1517 tentia,
1087 1466 1264 1526 quam
1291 1465 1330 1505 a
1368 1444 1566 1506 Teuta
1588 1444 1888 1506 deficienti
1923 1444 2186 1505 Romani
2211 1442 2742 1512 circumdederant,

849 1542 1148 1622 tutelaque
1174 1543 1325 1621 reg-is
1351 1541 1594 1613 Pinnei,
1633 1544 1804 1620 cujus
1827 1549 2070 1600 matrem
2096 1539 2421 1601 Triteutam
2447 1538 2746 1599 connubio

669 1629 825 1662 ¹¹¹¹·
847 1638 958 1699 sibi
992 1641 1297 1716 junxerat,
1334 1657 1530 1716 regem
1556 1638 1769 1717 etipse
1808 1657 1872 1696 se
1898 1635 2109 1706 ferens,
2138 1635 2517 1717 popularibus
2558 1635 2747 1712 juxta

849 1732 1225 1813 finitimisque
1269 1733 1464 1811 gravis
1489 1742 1554 1792 et
1577 1731 1976 1793 intolerandus
2001 1731 2393 1792 incumbebat.
2479 1730 2567 1790 Et
2593 1728 2750 1810 Iny-

850 1828 953 1888 rici
981 1828 1217 1909 quidem
1244 1828 1516 1911 populos,
1559 1828 1970 1889 Romanorum
2012 1827 2205 1888 socios
2245 1836 2309 1886 et
2347 1826 2588 1896 amicos,
2615 1845 2748 1886 sune

847 1924 1229 1985 dominationi
1254 1924 1533 1985 studebat
1556 1925 1880 2004 subjicere:
1926 1922 2229 2004 Cycladas
2260 1931 2459 1983 autem
2499 1922 2746 1991 insulas,

848 2030 1054 2080 contra
1077 2019 1266 2080 foedus
1289 2040 1425 2080 eum
1452 2019 1660 2080 lembis
1693 2020 1932 2080 armatis
1955 2020 2383 2101 quinquaginta
2418 2018 2576 2079 ultra
2615 2017 2748 2077 Lis·

846 2135 975 2176 sum
1002 2124 1331 2196 provectus,
1376 2114 1526 2177 alias
1560 2116 2054 2198 depopulabamt,
2079 2117 2157 2177 ab
2182 2115 2316 2176 aliis
2350 2115 2752 2194 extorquebat

849 2213 1161 2293 pecunias:
1192 2214 1443 2291 jamque
1467 2220 1532 2271 et
1556 2211 1840 2274 latrorum
1866 2222 2114 2293 partem,
2137 2221 2430 2292 quotquot
2448 2232 2486 2271 a
2521 2211 2750 2271 recenti

847 2306 1009 2368 bello
1034 2307 1343 2368 Romano·
1380 2306 1648 2378 oderant,
1676 2317 1740 2368 et
1763 2307 2094 2370 Atintanes
2116 2308 2177 2368 vi
2201 2317 2439 2369 coactos
2461 2306 2522 2366 in
2547 2315 2751 2387 partes

807 2423 979 2464 muas
1002 2412 1302 2464 traxerat:
1346 2423 1537 2484 neque
1564 2403 1874 2465 Romanos
1914 2404 2306 2475 reverebatur,
2347 2404 2566 2484 quibus
2590 2400 2753 2461 Gal-

846 2497 963 2560 lico
986 2499 1146 2559 bello
1172 2499 1492 2580 implicitis,
1518 2499 1735 2560 deinde
1761 2500 2064 2574 Punicum
2106 2500 2521 2569 metuentibus,
2549 2519 2748 2578 neque

845 2598 1019 2667 vires,
1064 2615 1254 2676 neque
1280 2595 1462 2656 otium
1490 2595 1568 2656 ad
1594 2596 1981 2657 vindicandas
2003 2597 2294 2657 sociorum
2332 2595 2577 2674 injurias
2615 2594 2745 2656 fore

844 2691 1162 2753 censebat.
1189 2701 1253 2752 et
1276 2711 1314 2752 a
1340 2692 1629 2773 Philippo
1657 2692 2057 2756 Macedonum
2082 2691 2525 2773 regequidlibet
2541 2711 2747 2772 spera-

846 2786 972 2858 bat,
1009 2786 1168 2867 quod
1208 2787 1369 2848 bello
1396 2787 1774 2851 Cleomenico
1798 2788 1922 2849 dux
1964 2787 2340 2869 Illyricorum
2383 2787 2747 2848 auxiliorum

848 2880 1273 2944 Macedonicas
1307 2904 1449 2964 opes
1490 2884 1832 2964 adjuvisset.
1918 2883 2112 2964 Igitur
2134 2883 2434 2946 decretum
2461 2883 2749 2944 adversus

845 2995 980 3036 eum
999 2978 1223 3037 bellum
1248 2987 1358 3049 est,
1386 2988 1816 3060 apparatumque
1841 2979 2006 3043 facti.

926 3078 1025 3132 58.
1096 3073 1366 3133 Lustrum
1408 3074 1629 3136 interea
1679 3077 1912 3136 tertium
1970 3085 2035 3137 et
2102 3074 2612 3157 quadragesimum
2667 3076 2745 3138 L.

848 3165 1142 3240 AEmilius,
1196 3169 1271 3229 C.
1327 3168 1655 3232 Flaminius
1702 3191 1968 3233 censores
2015 3172 2417 3235 condiderunt.
2540 3171 2750 3234 cem

847 3273 982 3324 sunt
1031 3264 1249 3325 civium
1298 3267 1501 3346 capita
1551 3266 1808 3328 ducenta
1856 3269 2229 3378 septuaginta
2278 3267 2466 3328 millia
2515 3268 2746 3330 ducen-

847 3368 912 3418 ta
968 3360 1266 3421 tredecim.
1391 3361 1818 3424 Libertinorum
1874 3365 2206 3444 promiscua
2253 3363 2569 3425 multitudo
2635 3385 2747 3447 per

521 3474 630 3526 Liv.
646 3480 825 3526 mm,
847 3474 1047 3516 omnes
1109 3457 1295 3516 tribus
1357 3477 1562 3538 sparsa
1622 3459 1871 3520 multum
1930 3461 2213 3520 hactenus
2268 3461 2569 3520 turbarum
2631 3461 2746 3521 de·

561 3539 670 3589 Liv.
692 3541 825 3606 Epnt.
848 3551 1057 3613 derat:
1125 3573 1256 3613 eam
1306 3554 1634 3617 imitatione
1687 3557 1770 3624 Q.
1823 3555 1996 3618 Fabii
2050 3556 2306 3616 Maximi
2354 3576 2628 3618 censores
2677 3560 2745 3620 in

520 3617 772 3719 *cadom

520 3732 702 3784 Chr-on.

552 3797 680 3848 Fest-
723 3799 774 3847 in

519 3877 626 3913 ’.οο
636 3862 822 3913 ‘Circus

848 3657 1097 3731 quatuor
1151 3651 1355 3721 tribue,
1422 3651 1813 3731 Esquilinam,
1879 3650 2247 3721 Palatinam,
2309 3649 2743 3725 Suburranam,

847 3744 1257 3825 Collinamque
1301 3745 1665 3825 redegerunt.
1750 3746 1825 3806 C.
1871 3745 2193 3807 Flaminius
2233 3747 2292 3806 in
2337 3747 2546 3808 eadem
2597 3770 2742 3810 oen·

842 3861 977 3901 sura
1034 3842 1191 3901 viam
1242 3842 1580 3902 Ariminum
1641 3862 1822 3922 usque
1883 3844 2150 3914 munivit,
2214 3853 2275 3904 et
2327 3843 2568 3905 Circum
2627 3867 2740 3907 ex·

520 3926 754 3977 F¹⁸¹¹¹¹¹¹i⁰
725 3928 813 3976 ns:
841 3937 1088 3998 struxit:
1134 3939 1363 4018 utrique
1403 3939 1566 4019 operi
1603 3958 1809 3999 nomen
1851 3938 1928 3998 ab
1965 3948 2202 3999 auctore
2244 3950 2333 4000 ωε
2373 3941 2738 4022 impositum,

521 3991 685 4044 Plixn.
654 4008 763 4040 xxx

526 4061 607 4108 17.

770 4008 1169 4114 Circusque
1214 4034 1564 4105 FlaminiuS‚
1607 4044 1669 4094 et
1710 4035 1809 4094 via
1851 4033 2147 4095 Flaminia
2192 4045 2422 4097 vocata.
2538 4037 2740 4101 Iidem

1401 4200 1424 4230 θ
1455 4192 1831 4246 A·U.C.6⁸8.
1857 4191 2146 4246 A-QRO.
