3025 4892
428 303 600 370 152⁰
805 345 812 352 -
1391 316 1459 366 r.
1511 317 1696 366 mvn

762 460 1025 543 periculo
1065 460 1205 532 fuit;
1251 460 1796 540 circumventusque
1830 459 2002 531 foret,
2050 459 2159 520 nisi
2210 468 2434 520 mamre
2482 469 2662 542 capto

760 559 1009 621 consilio
1032 560 1279 620 misisset
1297 558 1376 619 ad
1397 557 1753 630 Hieronem,
1769 558 1940 639 quasi
1955 557 2031 617 de
2050 556 2485 618 conditionibus
2500 559 2665 639 pacis

761 666 1030 719 acturus:
1073 657 1232 717 misit
1273 666 1336 720 et
1375 656 1474 717 ille
1521 665 1745 717 certum
1785 655 2080 715 hominem
2119 675 2199 715 ex
2244 655 2486 716 amicis:
2527 675 2664 716 cum

760 754 1093 835 hococoepmo
1116 753 1436 835 colloquio,
1465 763 1529 814 et
1566 752 1643 813 de
1684 751 1969 814 industria
2010 751 2322 833 producto,
2346 752 2560 812 sensim
2586 771 2664 811 ex

761 851 962 932 iniquo
988 851 1122 912 loco
1140 872 1204 912 se
1227 851 1522 911 subtraxit
1547 850 1605 910 in
1632 860 1846 910 tutum.
1931 848 2289 930 Syracusani
2313 869 2549 929 quoque
2574 869 2667 909 se-

761 948 907 1019 cuti,
935 968 1228 1009 sermones
1250 947 1326 1007 de
1351 967 1498 1028 pace
1521 966 1658 1008 cum
1681 946 1925 1010 diversis
1950 945 2248 1006 Romanis
2272 944 2669 1015 instituerunt,

764 1054 1235 1126 conventumque
1253 1044 1427 1116 foret,
1454 1044 1516 1104 ni
1544 1043 1740 1105 Hiero
1777 1051 1983 1105 auctor
2011 1041 2137 1106 fieri
2164 1042 2463 1104 uolumet.
2547 1041 2673 1102 His

763 1143 941 1202 rebus
965 1142 1233 1221 gerendis
1255 1144 1446 1223 major
1473 1142 1611 1202 anni
1638 1161 1773 1223 pars
1789 1149 2134 1202 consumta:
2176 1147 2304 1202 tum
2332 1139 2674 1199 Messanam

769 1238 945 1300 rediit
967 1239 1196 1311 consul,
1222 1248 1284 1299 et
1308 1238 1444 1298 inde
1469 1239 1807 1299 cohortibus
1833 1238 2058 1318 aliquot
2082 1236 2301 1297 relictis
2324 1236 2403 1298 ad
2427 1236 2678 1298 tuendos

775 1335 1184 1410 Mamertinos,
1203 1357 1340 1397 cum
1363 1336 1572 1396 ceteris
1596 1335 1900 1416 Rhegium
1930 1336 2200 1416 trajecit:
2244 1349 2384 1394 mox
2414 1333 2679 1394 Romam

477 1449 564 1498 Sil.
582 1445 696 1496 Ital.
711 1445 749 1494 1.
772 1432 1026 1494 decessit
1066 1433 1145 1494 ad
1185 1432 1567 1513 triumphum,
1607 1454 1785 1513 quem
1823 1433 1901 1494 de
1941 1431 2148 1493 Poenis
2191 1440 2254 1491 et
2290 1451 2425 1511 rege
2454 1430 2678 1494 Sicilia

448 1529 528 1626 ἒξ,
530 1516 750 1626 31630·
780 1528 1069 1602 Hierone,
1096 1529 1257 1611 quod
1273 1530 1492 1611 primus
1519 1529 1620 1590 ille
1638 1530 1714 1590 de
1727 1530 2123 1591 transmarinis
2138 1528 2371 1610 populis
2388 1536 2682 1607 ageretur,

481 1642 592 1693 Liv.
608 1609 722 1705 ἑρί
777 1647 995 1707 magna
1015 1627 1273 1687 omnium
1314 1626 1705 1706 gratulatione
1741 1628 1934 1687 duxit.
2020 1625 2165 1686 Hoc
2191 1626 2422 1685 initium
2450 1623 2681 1685 Roma,

454 1723 570 1757 ΠΙ·
781 1724 873 1784 ais
917 1725 1186 1786 tentandi
1223 1724 1434 1795 maria,
1477 1733 1541 1784 et
1579 1725 1675 1785 hic
1709 1744 2008 1785 successus
2039 1731 2363 1804 coeptorum
2386 1722 2446 1782 in
2474 1721 2686 1783 Sicilia

782 1821 916 1882 fuit.

488 1935 667 2004 Polyb.
687 1952 725 1987 1.
865 1924 968 1979 38.
1014 1917 1295 1982 Ceterum
1347 1926 1411 1977 et
1461 1918 1577 1978 ista
1616 1927 1679 1978 et
1726 1916 2091 1997 sequentium
2141 1927 2469 1998 temporum
2520 1927 2689 1996 gesta

455 2007 536 2054 ¹⁴·
781 2015 1127 2096 scriptorum
1177 2014 1494 2075 ambitione
1537 2024 1811 2095 corrupta
1851 2024 2024 2075 sunt:
2066 2033 2312 2094 quorum
2357 2014 2687 2095 praecipui,⁸

785 2111 1067 2172 Philinus
1091 2109 1538 2191 Agrigentinus,
1555 2121 1618 2171 et
1640 2131 1717 2172 ex
1746 2111 2036 2172 Rommis
2054 2111 2275 2172 Fabius
2298 2110 2529 2181 Pictor,
2545 2110 2690 2171 dum

783 2208 888 2269 ille
908 2206 1480 2287 Carthaginiensium
1498 2206 1723 2287 gloriae,
1746 2208 1843 2270 hic
1862 2208 2199 2268 domesticae
2215 2208 2457 2269 nimium
2470 2207 2692 2279 studet,

780 2303 1039 2366 officium
1066 2313 1129 2365 et
1151 2303 1330 2365 fidem
1369 2305 1601 2386 insuper
1639 2306 1987 2368 habuerunt.
2071 2306 2344 2373 Quorum
2390 2304 2693 2366 levitatem

781 2403 994 2463 merito
1037 2401 1335 2485 Polybius
1377 2398 1611 2482 arguit:
1669 2403 1890 2484 quippe
1936 2423 2071 2464 cum
2111 2403 2293 2463 etiam
2336 2403 2695 2483 privatorum

787 2500 1048 2561 minimis
1072 2500 1134 2560 in
1153 2502 1346 2562 causis
1381 2500 1532 2562 falso
1557 2502 1893 2564 testimonio
1923 2503 2343 2562 circumvenire
2368 2500 2700 2582 quemlibet

787 2596 1131 2658 execrabile
1158 2599 1377 2658 crimen
1411 2598 1723 2670 habeatur,
1751 2608 1974 2680 quanto
2014 2599 2255 2660 {mdiore
2281 2598 2532 2681 perfidia
2555 2619 2697 2676 oon:

783 2696 947 2757 ditor
988 2697 1243 2759 historias
1285 2698 1616 2780 principum
1662 2709 1840 2781 atque
1883 2700 2230 2782 populorum
2272 2711 2412 2762 acta
2432 2722 2691 2763 corrum-

675 2847 682 2850 .
790 2813 932 2874 ,pere
974 2794 1299 2855 censendus
1337 2796 1464 2855 est!
1509 2797 1609 2856 cui
1649 2817 1839 2878 neque
1878 2797 2214 2858 mortalium
2253 2798 2695 2862 commodorum

789 2890 1136 2970 quicquam,
1182 2910 1374 2972 neque
1419 2893 1657 2974 spiritus
1700 2894 1825 2976 ipse
1869 2894 2117 2976 pulchra
2159 2896 2405 2956 veritate
2436 2894 2706 2957 debebat

797 3004 923 3046 esse
951 2986 1278 3066 antiquior;
1323 2996 1490 3049 tanto
1519 2990 1728 3051 minori
1754 3012 1858 3072 spe
1882 2991 2091 3063 veniae,
2137 2992 2298 3072 quod
2336 3011 2413 3052 ne
2448 2993 2702 3074 praetex-

798 3091 925 3142 tum
950 3081 1188 3162 quidem
1215 3084 1532 3145 mentiendi
1558 3085 1815 3166 allegare
1842 3087 2115 3149 idoneum
2136 3088 2327 3150 -ullum
2351 3097 2565 3171 potest,
2586 3091 2707 3160 cui,

797 3179 849 3240 si
878 3178 1062 3241 libere
1089 3199 1223 3260 quoe
1249 3202 1390 3242 vera
1410 3183 1643 3245 sciebat
1665 3205 2036 3267 quacumque
2066 3185 2142 3247 de
2167 3206 2350 3247 causa
2371 3206 2488 3248 non
2514 3185 2712 3247 licuis-

801 3286 895 3337 set
911 3277 1170 3350 tradere,
1196 3288 1392 3340 tacere
1418 3290 1582 3342 certe
1608 3280 1883 3343 licuisset.

510 3401 615 3450 Liv.
639 3401 734 3465 ΕΡ,
891 3381 991 3436 39.
1034 3374 1229 3436 Porro
1253 3375 1394 3437 dum
1417 3377 1477 3436 in
1505 3375 1714 3442 Sicilia
1731 3378 2021 3442 Claudius
2048 3378 2378 3442 Hieronem
2403 3389 2468 3441 et
2491 3381 2715 3442 Poenos

480 3481 594 3515 ΠΙ·
812 3471 1016 3543 vincit,
1042 3472 1408 3534 obsidionem
1433 3471 1900 3537 Volsiniensium
1936 3477 2015 3538 ad
2038 3478 2263 3538 exitum
2288 3476 2543 3539 deduxit
2566 3477 2715 3539 alter

708 3591 716 3596 ·
808 3567 1013 3628 consul
1036 3568 1130 3629 M.
1151 3569 1416 3643 Fulvius,
1438 3573 1542 3652 qui
1570 3573 1857 3646 homines,
1875 3574 2152 3635 adversus
2173 3576 2291 3635 vim
2305 3574 2715 3656 desperatione

481 3681 649 3730 zonat.
811 3664 1065 3737 validos,
1084 3666 1284 3748 inopia
1303 3689 1492 3729 rernm
1508 3672 1963 3731 necessariarum
1979 3681 2041 3732 et
2056 3670 2212 3732 fame
2233 3671 2481 3733 domuit.
2529 3671 2719 3734 Facta

811 3761 1112 3825 deditione
1155 3766 1447 3845 ingratum
1492 3767 1641 3831 illud
1681 3777 1745 3829 et
1783 3768 2038 3830 insolens
2074 3768 2477 3829 libertinorum
2508 3768 2721 3849 vulgus

807 3875 941 3919 cum
969 3862 1228 3926 cruciatu
1259 3862 1629 3925 interemtum
1654 3874 1781 3926 est:
1825 3866 1962 3926 urbs
1984 3867 2164 3926 etiam
2192 3865 2320 3946 ipsa
2340 3865 2576 3926 dirum:
2619 3887 2710 3927 re-

809 3958 955 4042 liqui
986 3961 1465 4036 Volsiniensium,
1493 3973 1558 4025 et
1581 3964 1742 4045 quod
1766 3984 2062 4026 servorum
2104 3963 2283 4025 fidem
2324 3974 2504 4046 atque
2546 3985 2720 4027 reve-

1219 4172 1251 4216 5
1281 4165 1422 4217 Edd.
1444 4171 1568 4219 ante
1592 4166 1745 4219 Crev.
1770 4184 1875 4220 cum
1896 4183 2056 4228 eorum
2072 4167 2321 4234 precipui.
