3025 4892
978 359 1120 409 me.
1169 357 1412 409 xxm.
1458 360 1624 409 cAr.
1663 343 1776 410 39.
2309 343 2472 414 1961

281 507 625 574 certiorem
672 505 964 572 faceret:
1011 507 1223 590 isque,
1255 506 1334 572 L.
1364 505 1661 592 Apustio
1703 506 1930 592 legato
1958 508 2280 576 exercitui
2312 531 2481 596 prae·

282 611 538 697 posite,
565 610 927 676 Tarentum
959 610 1043 675 ad
1074 611 1356 674 classem
1389 611 1751 694 profectnS,
1778 612 1995 695 primo
2022 632 2290 698 quoque
2321 622 2483 680 tem·

284 734 447 799 pore
496 715 567 778 in
614 713 1093 778 Macedoniam
1142 713 1653 779 transmitteret:
1701 714 2023 798 daretque
2065 734 2362 799 operam,
2409 724 2486 782 ut

283 815 682 901 Philippum
713 816 782 881 in
814 833 1015 897 regno
1048 816 1438 880 contineret.
1525 815 1835 882 Pecunia
1865 816 1950 882 ad
1981 817 2262 884 classem
2294 833 2482 884 tuen-

287 918 439 984 dam
483 919 869 1002 bellumque
920 915 1435 983 Macedonicum
1480 938 1566 983 ea
1613 917 1882 984 decreta
1922 924 2111 997 est,¹⁴
2148 941 2301 1004 quae
2347 919 2488 1007 Ap.

288 1020 575 1088 Claudio
604 1023 671 1087 in
702 1021 1003 1087 Siciliam
1034 1022 1246 1086 missa
1276 1028 1440 1098 erat,
1463 1027 1542 1085 ut
1569 1022 1965 1087 redderetur
1999 1024 2281 1089 Hieroni
2312 1025 2484 1107 regi:

286 1145 372 1191 ea
398 1145 519 1208 per
546 1124 632 1189 L.
662 1123 1016 1209 Apustium
1051 1125 1341 1208 legatum
1365 1124 1732 1189 Tarentum
1767 1132 1871 1190 est
1902 1125 2203 1192 devecta.
2271 1128 2484 1192 Simul

286 1229 375 1293 ab
405 1226 704 1292 Hierone
749 1227 961 1292 missa
989 1227 1271 1293 ducenta
1301 1227 1518 1294 millia
1566 1228 1862 1292 modium
1914 1229 2116 1294 tritici
2157 1236 2226 1293 et
2254 1228 2486 1295 hordei

286 1337 575 1397 centum.

324 1437 329 1442 ’
369 1433 478 1499 89.
524 1434 707 1499 Dum
738 1433 887 1497 haec
920 1430 1213 1497 Romani
1264 1439 1505 1516 parant
1555 1440 1916 1515 aguntque,
1963 1432 2047 1498 ad
2090 1434 2486 1522 Philippum

286 1538 562 1620 captiva
589 1535 805 1616 navis,
843 1556 978 1601 una
1026 1555 1113 1601 ex
1161 1536 1270 1614 iis,
1319 1555 1474 1620 quae
1526 1534 1819 1600 Romam
1868 1536 2096 1601 missae
2143 1543 2351 1617 erant,
2398 1559 2487 1604 ex

285 1658 483 1705 cursu
531 1637 883 1721 refugitz¹⁵
935 1637 1091 1703 inde
1148 1641 1417 1717 scitum,
1456 1639 1721 1721 legatos
1768 1659 1920 1704 cum
1966 1640 2181 1706 literis
2225 1651 2489 1727 captos.

286 1742 532 1825 Itaque
583 1741 851 1824 ignarus
890 1741 978 1807 de
1022 1739 1227 1820 iis,¹⁶¹
1254 1760 1407 1825 quas
1451 1761 1605 1807 cum
1639 1740 2030 1809 Hannibale
2068 1743 2304 1828 legatis
2348 1747 2489 1810 suis

286 1846 780 1924 convenissent,
832 1863 1119 1931 quaeque
1165 1844 1372 1928 legati
1419 1844 1565 1928 ejus
1613 1846 1698 1910 ad
1749 1866 1826 1911 se
1870 1846 2129 1912 allaturi
2179 1848 2486 1925 fuissent,

282 1948 684 2030 legationem
733 1949 933 2014 aliam
980 1968 1132 2015 cum
1181 1949 1437 2013 eisdem
1506 1949 1845 2015 mandatis
1911 1950 2143 2016 mittit.
2254 1950 2492 2034 Legati

286 2050 375 2115 ad
437 2050 884 2118 Hannibalem
941 2052 1155 2129 missi,
1218 2051 1638 2130 Heraclitus,
1712 2053 1821 2117 cui
1892 2052 2174 2119 Scotino
2242 2074 2491 2137 cogno·

284 2174 441 2220 men
499 2161 671 2232 erat,
736 2162 804 2221 et
865 2154 1048 2221 Crito
1107 2154 1581 2220 Beroeoeus¹⁷³
1627 2161 1695 2219 et
1751 2153 2108 2219 Sositheus
2158 2155 2495 2239 Magnes⁸

288 2256 395 2323 Hi
447 2277 766 2342 prospere
813 2259 1102 2324 tulerunt
1143 2275 1225 2321 ac
1265 2256 1633 2320 retulerunt
1675 2256 2016 2321 mandata,
2124 2256 2261 2322 Sed
2306 2259 2491 2342 prius

288 2380 369 2426 se
423 2366 635 2427 aestas
690 2362 1098 2445 circumegit,
1145 2380 1344 2444 quam
1413 2378 1680 2424 movere
1727 2379 1808 2425 ac
1857 2360 2075 2426 moliri
2124 2362 2488 2445 quicquam

286 2482 410 2530 rex
442 2472 714 2547 posset:
764 2471 1017 2530 tantum
1064 2464 1262 2529 navis
1306 2482 1436 2528 una
1480 2468 1676 2548 capta
1717 2483 1870 2527 cum
1900 2463 2138 2546 legatis
2178 2466 2494 2529 momenti

284 2567 452 2633 fecit
489 2566 573 2631 ad
617 2566 1014 2631 dilationem
1067 2565 1468 2630 imminentis
1525 2564 1856 2630 Romanis
1908 2566 2087 2631 belli.
2178 2566 2263 2633 Et
2310 2569 2493 2633 circa

287 2667 627 2755 Capuam,
658 2678 1074 2753 transgresso
1096 2666 1499 2733 Vulturnum
1552 2667 1770 2733 Fabio
1818 2678 1979 2752 post
2025 2670 2303 2755 expiata
2348 2677 2494 2735 tan-

288 2772 443 2837 dem
492 2772 824 2856 prodigia,
870 2773 1073 2838 ambo
1126 2772 1445 2838 consules
1497 2791 1630 2836 rem
1680 2772 2019 2854 gerebant.
2108 2771 2496 2858 Compulte-

285 2875 459 2941 riam
480 2874 576 2915 ¹⁸·
603 2884 671 2942 et
698 2875 1049 2941 Trebulam
1079 2882 1146 2940 et
1177 2874 1564 2954 Saticulam,
1613 2875 1832 2952 urbes,
1880 2895 2036 2959 quae
2081 2875 2166 2941 ad
2210 2876 2492 2943 Poenum

1213 3019 1578 3043 “mum

285 3109 400 3159 vius
423 3107 557 3160 Edd.
583 3108 651 3159 ab
672 3108 812 3160 Aldo
831 3108 894 3159 sd
917 3107 1218 3158 Drinio—14
1256 3108 1322 3157 Ei
1342 3109 1532 3159 decreta
1566 3113 1640 3159 est
1676 3107 1807 3159 Edd.
1833 3115 1956 3159 ante
1981 3109 2145 3159 Gron.
2190 3123 2309 3158 mox
2336 3108 2388 3159 ln
2413 3109 2494 3160 iis-

289 3173 412 3225 dem
435 3181 485 3225 et
506 3175 607 3224 Itoec
624 3190 712 3240 per
735 3176 790 3224 L.
811 3174 1081 3237 Apustium.

357 3245 419 3290 1⁵
456 3238 541 3292 ΑΙ.
577 3257 641 3291 ex
675 3256 816 3291 eursu
840 3240 1126 3301 fugite-16
1158 3237 1175 3266 ‘
1200 3237 1246 3288 E
1268 3237 1394 3288 Mss-
1417 3237 1685 3302 probabile
1719 3238 1798 3302 fit,
1835 3253 1930 3305 pro
1953 3242 2011 3289 de
2030 3240 2095 3289 iis
2116 3239 2213 3302 leg.
2235 3239 2357 3290 rex!
2392 3242 2495 3290 Ru-

288 3313 431 3374 pert.
498 3306 621 3356 Vid.
660 3306 787 3356 Not.
824 3306 1082 3355 Van—17
1115 3306 1131 3332 ⁸
1155 3304 1218 3353 lu
1273 3304 1497 3368 lerisque
1522 3304 1657 3354 Edu.
1679 3305 1909 3355 Berroeus
1948 3304 2003 3354 in
2020 3305 2148 3354 Mas.
2172 3319 2296 3356 vero
2318 3305 2499 3363 Boesis,

287 3371 551 3433 Boetoeetis,
597 3372 854 3431 Boeusott's,
891 3368 1185 3426 Bormetis,
1276 3370 1497 3418 oeanotino
1534 3378 1586 3418 et
1624 3371 1690 3419 al.
1732 3371 1866 3417 unde
1901 3342 2204 3419 bromiscins
2244 3371 2495 3432 suspicari

288 3438 480 3504 possis,
519 3438 599 3486 vel
639 3451 757 3487 cum
794 3436 911 3488 Jac.
952 3435 1182 3485 Gronov.
1216 3434 1475 3484 Boefioem.
1561 3433 1774 3499 Oppida
1800 3435 2126 3485 Macedoniae
2150 3435 2346 3498 Beroeu,
2373 3435 2498 3483 Bro-

1289 3546 1337 3597 N
1345 3545 1506 3598 O‘rAE

357 3656 387 3683 ²¹
422 3651 631 3711 [gnam
660 3650 722 3699 de
748 3646 836 3711 iis]
868 3648 1051 3697 Ducta
1087 3659 1156 3696 ex
1191 3646 1357 3710 scrip·
1437 3660 1577 3696 cere.

288 3728 385 3790 tis,
409 3728 495 3790 qui
534 3726 722 3775 mendo
754 3738 858 3774 non
881 3731 1082 3781 carent,
1105 3724 1356 3784 suspicio·
1500 3730 1521 3755 ²
1555 3722 1800 3771 Sositheus
1835 3719 2066 3785 Magnes]
2113 3721 2194 3771 Ex
2224 3722 2499 3785 Magnesia

287 3819 381 3862 ne,
404 3802 562 3852 scribi
597 3801 707 3851 vult
729 3801 1026 3852 Gronovius
1050 3814 1148 3849 non
1173 3800 1359 3864 impro-
1438 3801 1678 3850 nimirum
1720 3800 2002 3848 'l'hessaliae
2049 3798 2335 3863 provincia,
2379 3814 2497 3865 quoe

287 3879 560 3936 habiliter,
576 3879 740 3941 itaque
756 3879 956 3940 ignarus
974 3892 1064 3928 rex
1077 3891 1233 3941 εοφισ
1253 3891 1360 3926 eum
1438 3886 1565 3928 tune
1586 3876 1684 3926 snb
1707 3877 2049 3927 Macedonum
2072 3877 2314 3940 imperio.

289 3956 573 4009 Hannibale
592 3955 741 4018 legati
759 3956 835 4006 sui
853 3955 1191 4006 convenissent.
1504 3962 1531 3990 ⁸
1565 3953 1932 4018 Compulteriam
1957 3951 2373 4016 [Combulteriam]
2394 3954 2498 4003 Ubi

359 4044 384 4080 5
423 4034 561 4083 erico
583 4036 825 4084 Beroeoeus
850 4030 1128 4097 [Bmoeas]
1177 4032 1359 4082 Dictus
1438 4032 1508 4082 sit
1544 4032 1644 4081 hoc
1680 4029 1929 4096 oppidum
1965 4030 2191 4093 ignorari
2232 4030 2501 4081 Cluverius

289 4112 509 4164 videtur
531 4126 560 4161 ι
578 4112 797 4171 Rem-ea,
820 4111 929 4161 sive
947 4109 1107 4160 Bero‘e‘
1122 4108 1360 4159 Mseedo·
1438 4109 1653 4162 fatetur.
1722 4109 2023 4158 Holstenius
2047 4107 2504 4170 Compulteria-orm

296 4192 405 4241 nin
440 4189 506 4239 ad
550 4186 759 4239 fluvium
790 4186 1181 4239 Haliacmonem
1211 4184 1361 4236 urbe.
1439 4186 1753 4236 mentionem
1775 4183 1887 4233 fieri
1908 4183 1959 4232 in
1981 4182 2151 4246 lapide
2172 4186 2386 4246 antiqno
2411 4184 2504 4247 qni

294 4266 716 4330 Quidamseripti
741 4265 981 4314 videntur
1002 4265 1262 4316 Boeotium
1286 4263 1362 4314 di-
1443 4263 1664 4314 Cslatiae
1709 4268 1879 4324 estat,
1922 4274 1986 4310 ex
2033 4259 2321 4309 Octaviano
2365 4259 2500 4312 Mel-

432 4349 611 4416 Delpk.
634 4354 686 4399 ιε
714 4349 833 4400 var.
859 4348 990 4398 σιω.
1328 4344 1513 4396 Livias.
2246 4345 2280 4390 e
2318 4340 2363 4390 N
