3025 4892
503 338 519 349 “
547 320 721 389 2040
1498 341 1568 392 τ.
1619 340 1809 392 mvn

546 485 963 552 Hannibalis
1013 484 1412 554 beneficium
1460 487 1818 567 habebant,
1875 488 2061 572 capti
2129 488 2215 554 ad
2274 486 2750 555 Trasimenum

542 590 711 656 inter
734 588 1196 655 Romanorum
1219 590 1522 657 auxilia⁸
1552 591 1968 677 dimissique.
2057 590 2252 671 Quos
2271 592 2390 658 ubi
2419 611 2511 657 ex
2543 593 2749 675 signis

543 711 1010 778 armorumque
1028 698 1056 744 ⁹
1105 692 1337 759 habitu
1394 712 1768 777 cognovere
1825 693 2283 778 Hippocrates
2330 700 2543 778 atque
2585 694 2749 783 Epi-

545 794 783 879 cydes,
821 814 1046 860 ramos
1085 795 1256 860 oleae
1285 815 1370 862 ac
1398 794 1771 861 velamenta
1801 794 1938 861 alia
1984 795 2369 881 supplicum
2410 796 2751 880 porrigen-

542 903 666 979 tes,
708 917 926 977 orare,
969 903 1097 963 ‘ut
1127 899 1494 982 reciperent
1524 917 1674 963 sese
1714 902 2156 983 receptosque
2187 905 2592 977 tutarentur,
2622 917 2751 962 neu

545 1000 904 1088 proderent
951 1000 1417 1085 Syracusanis,
1465 1019 1510 1065 a
1556 1000 1803 1085 quibus
1847 1019 2013 1066 mox
2055 1000 2187 1085 ipsi
2219 999 2604 1066 trucidandi
2628 1020 2748 1087 po-

544 1104 707 1189 pulo
738 1102 1045 1169 Romano
1076 1099 1508 1168 dederentur!

630 1206 744 1271 31.
787 1210 806 1243 ‘
825 1202 1236 1284 Enimvero,’
1273 1202 1711 1280 conclamant,
1752 1205 2045 1271 ‘bonum
2088 1213 2166 1271 ut
2208 1205 2507 1272 animum
2545 1204 2749 1271 habe·

545 1316 737 1375 rent:
784 1328 1043 1375 omnem
1090 1328 1167 1374 se
1200 1326 1354 1373 cum
1387 1307 1525 1372 illis
1562 1307 1890 1374 fortunam
1925 1307 2311 1375 subituros.³
2398 1309 2597 1374 Inter
2621 1308 2745 1373 hoc

545 1411 958 1498 colloquium
999 1411 1190 1494 signa
1235 1410 1692 1489 constiterant,
1742 1412 2221 1497 tenebaturque
2263 1431 2505 1497 agmen
2527 1434 2548 1495 ;
2570 1444 2577 1451 ·
2600 1430 2748 1477 nee-

544 1514 730 1593 dum,
760 1535 913 1599 quae
956 1532 1164 1579 morae
1205 1532 1416 1578 causa
1446 1511 1637 1591 foret,
1668 1520 2063 1597 pervenerat
2091 1513 2179 1578 ad
2223 1513 2454 1578 duces·
2549 1513 2747 1595 Post-

545 1600 755 1702 quain
814 1617 1293 1702 Hippocraten
1365 1622 1568 1700 atque
1643 1615 1985 1701 Epicyden
2062 1616 2303 1683 adesse
2320 1624 2375 1655 ¹0
2446 1616 2747 1701 pervasit

544 1738 791 1799 rumor,
822 1721 1256 1803 fremitusque
1284 1726 1431 1784 toto
1473 1720 1734 1802 agmine
1763 1726 1908 1785 erat
1932 1718 2113 1785 haud
2140 1718 2343 1784 dubie
2368 1721 2747 1805 approban-

543 1823 712 1889 tium
743 1824 1110 1888 adventum
1138 1843 1408 1902 eorum3
1450 1822 1799 1906 extemplo
1821 1831 2139 1907 praetores
2169 1824 2403 1888 citatis
2430 1824 2629 1907 equis
2660 1821 2745 1887 ad

543 1927 769 2011 prima
797 1929 988 2011 signa
1017 1924 1472 2012 perrexerunt,
1504 1930 1525 1960 ‘
1544 1924 1684 2005 Qui
1718 1945 1871 1990 mos
1916 1926 2055 2005 ille,
2081 1946 2238 2011 quae
2266 1925 2543 1992 licentia
2586 1924 2745 1991 Cre-

545 2031 838 2096 tensium
875 2027 1099 2110 esset,'
1145 2030 1540 2113 rogitanteS,
1589 2034 1609 2064 ‘
1631 2028 1977 2113 colloquia
2022 2029 2283 2094 serendi
2331 2049 2489 2095 cum
2535 2029 2741 2107 hoste,

544 2134 943 2219 injussuque
975 2131 1696 2219 praetorum‘miscendi
1729 2148 1854 2197 eos
1884 2132 2131 2215 agmini
2154 2153 2279 2199 suo
2297 2133 2354 2198 ‘l'
2427 2133 2742 2216 Compre-

542 2237 744 2302 hendi
773 2237 1096 2321 injicique
1122 2243 1399 2301 catenas
1423 2234 1773 2320 jusserunt
1802 2234 2296 2321 Hippocrati.¹¹
2383 2235 2500 2301 Ad
2541 2256 2739 2320 quam

543 2358 785 2405 vocem
815 2344 1039 2407 tantus
1061 2338 1401 2422 extemplo
1440 2337 1728 2423 primum
1756 2357 1801 2403 a
1829 2336 2260 2405 Cretensibus
2290 2343 2339 2376 ¹²
2366 2340 2623 2405 clamor
2646 2345 2739 2405 est

544 2448 756 2523 ortae,
788 2442 1025 2525 deinde
1046 2449 1377 2526 exceptus
1406 2443 1496 2507 ab
1526 2440 1706 2520 aliis,
1735 2446 1811 2507 ut
1832 2441 2056 2522 facile,
2082 2443 2139 2507 si
2173 2442 2349 2509 ultra
2380 2442 2737 2520 tenderent,

544 2549 925 2630 appareret,
969 2545 1069 2609 eis
1115 2544 1481 2610 timendum
1529 2543 1732 2609 esse!
1808 2543 2075 2610 Soliciti
2118 2545 2491 2631 incertique
2534 2564 2733 2610 rerum

547 2668 816 2714 suarum
850 2645 1219 2731 Megaram,
1251 2647 1427 2713 unde
1465 2636 1744 2732 profecti
1788 2656 1995 2725 erant,
2024 2646 2246 2713 referri
2274 2648 2469 2730 signa
2484 2649 2733 2735 jubent,

541 2752 947 2835 nuntiosque
978 2750 1061 2815 de
1091 2757 1273 2818 statu
1303 2752 1618 2836 praesenti
1640 2751 2015 2836 Syracusas
2043 2752 2330 2817 mittunt.
2406 2749 2732 2816 Fraudem

546 2872 818 2938 quoque
858 2853 1321 2939 Hippocrates
1366 2855 1584 2934 addit,
1626 2855 1964 2920 inclinatis
1992 2853 2079 2919 ad
2111 2872 2373 2919 omnem
2404 2853 2735 2938 suspicio-

542 2976 692 3021 nem
717 2957 1002 3039 animis;
1047 2964 1144 3036 et,
1189 2956 1610 3023 Cretensium
1638 2954 2040 3043 quibusdam
2070 2956 2157 3022 ad
2185 2957 2425 3023 itinera
2452 2956 2731 3022 insiden-

543 3058 634 3124 da
664 3058 912 3139 missiS,
944 3059 1130 3126 velut
1159 3058 1570 3144 interceptas
1598 3061 1851 3140 literae,
1875 3076 2049 3146 quas
2072 3060 2221 3144 ipse
2246 3066 2733 3144 composuerat,

539 3164 816 3228 recitat:
864 3168 884 3198 ‘
915 3163 1259 3230 Praetores
1301 3162 1709 3249 Syracusani
1739 3164 1999 3229 consuli
2031 3162 2379 3229 Marcello.
2383 3161 2402 3188 ’
2490 3163 2731 3229 Secun-

597 3344 633 3389 s
665 3347 732 3397 Ut
755 3345 974 3408 ,iudicari
1007 3353 1182 3410 meret,
1199 3363 1298 3398 esse
1318 3351 1441 3412 quod
1460 3349 1557 3399 sibi
1576 3355 1808 3415 maiores
1827 3349 1923 3414 ipsi
1943 3348 2160 3400 timerent
2182 3349 2228 3400 si
2248 3348 2457 3400 nutrius
2467 3364 2725 3415 pauesce-

540 3417 652 3463 mt
671 3413 723 3462 in
745 3414 932 3477 incepto
951 3412 1192 3465 vinciendi
1214 3414 1575 3480 Hippocratem.

541 3658 793 3721 Megaram
816 3658 957 3722 conj.
978 3656 1032 3712 J.
1054 3660 1112 3710 F.
1136 3657 1366 3711 Gronov.
1369 3661 1465 3709 -8
1500 3659 1585 3712 ΑΙ.
1618 3660 1747 3711 inter
1769 3660 1987 3711 mmm
2014 3659 2317 3709 uuila—9
2346 3658 2723 3723 Amnum-que

541 3724 676 3838 Εάιῗ)
702 3726 774 3839 ῗιιι
788 3803 890 3838 uno
913 3789 1018 3840 Ma.
1038 3804 1154 3846 erre,
1177 3803 1279 3839 non
1303 3790 1523 3855 improb.
1547 3789 1747 3841 Stroth.
1813 3789 2042 3839 Verbum
2064 3789 2227 3839 adure
2258 3788 2309 3837 in
2339 3789 2481 3838 nullo
2512 3788 2613 3837 Hs.
2642 3800 2719 3833 rx-

538 3861 636 3914 tat,
660 3855 802 3916 prob.
826 3854 988 3905 Grou.
1010 3864 1070 3906 ut
1090 3854 1258 3904 intell
1290 3871 1436 3905 more
1456 3871 1623 3906 cuum
1639 3870 1752 3906 esse.
1753 3858 1881 3904 -11
1911 3854 2184 3917 vincirique
2206 3853 2478 3903 mmier
2461 3857 2721 3917 imm-de-

538 3888 675 3971 Ed'd.
709 3927 830 3969 ante
868 3919 1102 3971 Gronov.
1168 3920 1292 3971 vid.
1329 3921 1457 3972 Not.
1489 3923 1751 3971 Vara—12
1788 3920 2012 3970 Cretibn
2052 3931 2148 3983 pro
2188 3918 2490 3969 Cretensibus
2525 3918 2719 3969 edidere

1530 4066 1744 4119 NOTAE

535 4173 658 4210 rone
684 4176 780 4211 avo
805 4161 1129 4229 Hieronymi,
1163 4173 1322 4230 atque
1345 4165 1411 4214 ab
1434 4179 1498 4215 eo
1518 4164 1596 4213 in·
1678 4162 1889 4214 fuerant
1924 4163 1988 4213 ad
2025 4160 2389 4213 Trasimenum
2430 4161 2494 4212 ab
2537 4153 2717 4208 Hanni·

536 4244 618 4289 ter
642 4240 834 4289 statilia
873 4239 1013 4291 missi
1051 4241 1118 4292 ad
1155 4243 1433 4306 Romanos,
1455 4241 1597 4307 capti
1680 4240 1816 4305 bale,
1841 4255 1903 4292 ac
1923 4240 2136 4292 dimissi.
