3025 4892
993 338 1140 388 ma.
1187 340 1434 391 xxm.
1478 341 1645 390 cst».
1686 323 1793 390 48.
2317 324 2493 392 197⁷

294 483 499 550 diana
531 488 751 551 castra
795 501 993 569 super
1022 484 1456 568 Suessulam3
1498 484 1726 570 ibique
1778 485 2071 571 hyberna
2104 485 2490 552 aedificavit.

293 587 400 654 M.
429 586 715 654 Claudio
765 589 1151 672 proconsuli
1198 590 1573 674 imperavit,
1603 597 1700 667 ut,
1743 595 2002 654 retento
2036 588 2238 654 Nolae
2266 609 2490 655 neces·

295 690 478 758 sario
510 688 597 754 ad
630 689 944 755 tuendam
977 692 1207 756 urbem
1239 691 1583 776 praesidio,
1609 699 1871 758 ceteros
1908 691 2153 757 milites
2196 689 2492 756 dimitte·

292 797 397 856 ret
426 789 744 871 Romam,
773 794 1071 858 neoneri
1119 795 1329 860 sociis
1358 802 1432 859 et
1473 795 1724 860 sumtui
1769 795 1863 860 rei
1904 794 2194 879 publicae
2221 788 2498 858 essent.f

293 892 385 959 Et
425 893 530 958 Ti.
562 893 910 962 Gracchus
960 916 1004 962 a
1049 896 1280 964 Cumis
1319 897 1673 963 Luceriam
1718 899 1787 963 in
1828 897 2144 982 Apuliam
2186 895 2493 978 legiones

294 1015 451 1061 cum
470 1002 526 1033 ²⁰
555 997 879 1076 duxisset,
931 997 1030 1063 M.
1057 997 1409 1065 Valerium
1454 1000 1610 1066 inde
1649 1009 1997 1085 praetorem
2039 999 2494 1074 Brundisium,

292 1118 451 1164 cum
497 1118 603 1180 eo,
651 1119 848 1184 quem
889 1100 1192 1167 Luceriae
1231 1101 1584 1182 habuerat,
1615 1102 1915 1190 exercitu
1948 1102 2155 1180 misit,
2187 1101 2493 1186 tuerique

291 1219 479 1265 oram
518 1202 655 1285 agri
680 1202 1049 1285 Sallentini,
1072 1211 1140 1270 et
1168 1191 1543 1289 providere,
1582 1205 1760 1291 quod
1806 1205 1893 1271 ad
1932 1205 2321 1290 Philippum
2349 1203 2495 1270 bel·

289 1302 572 1387 lumque
600 1303 1119 1370 Macedonicum
1150 1308 1490 1386 attineret,
1510 1308 1740 1392 jussit.
1798 1308 2004 1373 Exitu
2029 1307 2290 1373 aestatis
2320 1305 2494 1390 ejus,

289 1427 429 1492 qua
471 1406 620 1474 haec
651 1417 842 1489 gesta
881 1411 1417 1494 perscripsimuS,
1443 1412 1659 1478 literae
1700 1432 1744 1478 a
1790 1411 1875 1477 P.
1907 1418 1976 1478 et
2006 1410 2128 1478 Cn.
2159 1409 2497 1495 Scipioni-

288 1510 421 1574 bus
451 1518 790 1584 venerunt,
820 1521 1109 1597 quantas
1138 1533 1480 1599 quamque
1512 1534 1876 1599 prosperas
1906 1516 1976 1580 in
2006 1514 2351 1597 Hispania
2385 1530 2493 1576 res

291 1612 686 1697 gessissent.
745 1614 879 1679 Sed
915 1617 1270 1698 pecuniam
1303 1616 1370 1679 in
1392 1616 1831 1700 stipendium,
1859 1618 2407 1702 vestimentaque,
2429 1621 2499 1678 et

290 1715 691 1786 frumentum
749 1716 1104 1795 exercitui,
1161 1726 1228 1782 et
1284 1718 1493 1782 sociis
1547 1720 1905 1785 navalibus
1951 1718 2175 1783 omnia
2233 1716 2495 1786 deesse.

292 1816 501 1897 Quod
553 1818 637 1883 ad
686 1819 1089 1903 stipendium
1139 1822 1439 1900 attineat,
1490 1821 1552 1886 si
1596 1823 1906 1887 aerarium
1956 1821 2151 1908 inops
2197 1824 2395 1897 esset,
2425 1837 2500 1884 se

293 1919 595 2005 aliquam
631 1922 952 1987 rationem
994 1922 1300 2003 inituros,
1330 1943 1462 2007 quo
1492 1925 1695 1990 modo
1724 1926 1811 1990 ab
1844 1923 2178 2009 Hispanis
2210 1926 2500 1992 sumant.

290 2022 538 2089 Cetera
566 2025 801 2109 utique
828 2026 918 2091 ab
948 2022 1172 2091 Roma
1199 2025 1522 2090 mittenda
1548 2045 1744 2092 esse:
1784 2045 1906 2092 nec
1937 2026 2131 2091 aliter
2159 2032 2276 2090 aut
2306 2041 2500 2089 exer-

290 2126 504 2191 citum
556 2137 682 2193 aut
732 2128 1146 2212 provinciam
1200 2127 1475 2192 attineri
1497 2135 1518 2166 ¹
1569 2146 1788 2210 posse.
1876 2126 2125 2192 Literis
2176 2124 2499 2201 recitatis,

287 2247 489 2294 nemo
516 2231 810 2295 omnium
841 2237 1004 2308 erat,
1028 2230 1212 2316 quin,
1239 2237 1306 2295 et
1335 2249 1496 2297 vera
1516 2237 1541 2267 ⁸
1569 2230 1794 2310 scribi,
1819 2229 1889 2294 ‘et
1913 2227 2244 2313 postulari
2274 2244 2499 2309 aequa,

290 2331 648 2399 fateretur:
696 2332 815 2399 sed
870 2333 1265 2399 occurrebat
1312 2332 1574 2411 animiS,
1624 2341 1920 2417 quantos
1981 2332 2320 2396 exercitus
2369 2333 2501 2392 ter-

290 2442 540 2516 restres
572 2437 979 2522 navalesque
1010 2440 1367 2513 tuerentur,
1401 2444 1789 2521 quantaque
1838 2454 2015 2500 nova
2062 2432 2304 2500 classis
2337 2449 2501 2496 mox

288 2538 596 2622 paranda
624 2545 830 2617 esset,
859 2541 919 2605 si
953 2540 1193 2604 bellum
1221 2538 1750 2604 Macedonicum
1780 2544 2184 2603 moveretur.
2274 2540 2294 2571 ‘
2328 2535 2504 2599 Sici·

288 2639 456 2706 liam
487 2655 568 2709 ac
598 2643 997 2722 Sardiniam,
1045 2661 1199 2728 quae
1250 2654 1406 2708 ante
1455 2642 1703 2707 bellum
1753 2640 2124 2725 vectigales
2167 2639 2502 2712 fuissent,¹¹

1211 2824 1587 2847 ”NWOOOO

355 2961 425 3008 2⁰
455 2956 591 3008 Diua
612 2957 754 3009 Editi
777 2959 1041 3010 multi.—l
1077 2967 1093 2990 ¹
1114 2960 1201 3011 Ita
1224 2960 1403 3024 optimi
1427 2960 1558 3009 Mss.
1583 2957 1672 3008 alii
1693 2956 1848 3008 teneri
1868 2961 1923 3006 et
1944 2954 2149 3005 obtineri
2164 2970 2182 3004 .·
2215 2963 2392 3003 omnes
2414 2964 2506 3000 au·

288 3030 402 3074 tem
426 3022 563 3074 Edd.
601 3025 833 3075 retineri.-
868 3039 983 3090 quo
1007 3033 1199 3075 cuncta
1228 3024 1365 3075 baud
1390 3024 1547 3075 dubie
1579 3023 1863 3074 substituta
1889 3020 2039 3071 abiis
2073 3019 2159 3085 qui
2197 3016 2509 3094 ignorabant

288 3088 504 3139 attinere
534 3085 639 3139 dici
680 3104 774 3154 pro
814 3090 1062 3146 retinere,
1101 3093 1182 3140 vel
1222 3091 1378 3154 tueri,
1415 3088 1717 3141 custodire.’
1939 3089 2051 3136 .-8
2082 3085 2268 3135 ‘Nemo
2302 3095 2511 3161 emireus

290 3158 419 3211 mc.
449 3153 535 3219 qui
555 3168 648 3205 m
665 3160 718 3205 et
737 3168 866 3207 veru.
900 3155 1039 3206 Pali.
1062 3165 1118 3206 et
1142 3155 1297 3207 Voss.
1328 3156 1413 3220 qui
1432 3170 1520 3207 nec
1537 3169 1667 3206 esre.
1717 3152 1806 3219 Op
1851 3152 1920 3204 mi
1942 3151 2055 3217 quis
2074 3154 2123 3201 et
2143 3163 2275 3214 sera,
2298 3157 2356 3199 ut
2375 3145 2510 3198 vidit

1292 3317 1343 3369 N
1348 3316 1508 3368 01*AE
1558 3357 1562 3361 .

356 3410 382 3444 f
410 3411 493 3463 Ne
516 3413 650 3464 oneri
676 3415 819 3466 sociis
848 3420 896 3465 et
925 3415 1104 3466 suntsi
1120 3415 1193 3466 rei
1221 3429 1272 3479 p.
1295 3428 1367 3464 es·
1444 3414 1663 3477 siugulis
1696 3426 1791 3478 pro
1825 3412 2027 3462 ratione
2059 3421 2243 3460 census
2265 3406 2513 3473 imperari

289 3487 425 3552 sent]
458 3489 790 3542 Commeatus
822 3493 1019 3558 quippe
1055 3498 1112 3543 et
1141 3490 1367 3555 hospitia
1445 3490 1628 3551 solita3
1662 3497 1715 3539 et
1741 3502 1838 3552 pro
1860 3487 2143 3550 stipendio,
2164 3485 2272 3534 sive
2303 3483 2511 3533 militari

291 3564 451 3615 sociis
484 3565 887 3619 incumbebant:
925 3567 1217 3632 respublica
1240 3579 1364 3616 vero
1445 3580 1572 3626 aere,
1595 3564 1732 3631 quod
1759 3578 1855 3629 per
1870 3563 2056 3625 stipes,
2072 3575 2166 3611 seu
2189 3558 2392 3609 modica
2408 3571 2515 3608 oera

289 3648 494 3692 sumtus
541 3642 915 3708 stipendiorum
958 3643 1209 3708 faciebat,
1247 3659 1363 3709 quae
1443 3642 1824 3707 colligebaturz
1860 3654 2026 3705 eoque
2049 3637 2253 3689 nomine
2275 3648 2514 3699 compre·

291 3716 505 3767 nonnisi
524 3718 868 3770 militantibus
885 3720 1242 3771 solvebantur:
1271 3734 1360 3769 un·
1442 3720 1805 3771 bendebantur
1820 3718 2075 3777 decumoe,
2091 3716 2296 3779 aliaque
2313 3711 2514 3762 collati·

292 3794 362 3844 de
395 3792 589 3843 milites
609 3795 815 3845 domum
836 3810 980 3846 suam
1005 3796 1239 3847 revocati
1260 3808 1366 3846 ωτι
1410 3831 1419 3835 -
1447 3811 1603 3848 ouum
1640 3796 1749 3845 sive
1785 3808 1996 3846 onerum
2037 3790 2260 3841 nomina.
2334 3786 2516 3838 Vecti-

292 3885 402 3921 non
426 3871 775 3935 accipiebant.
1446 3872 1590 3937 gales
1638 3872 1815 3936 itaque
1859 3868 2140 3935 provincia
2188 3864 2516 3929 dicebantur,

290 3973 301 3985 ·
363 3954 391 3991 Ι
422 3947 1371 4013 Quatebemmvmigalessninou]
1449 3961 1566 4016 ηοω
1608 3948 1829 4012 vectigal
1877 3945 2205 4011 pendebant3
2253 3951 2312 3993 ut
2354 3941 2517 3992 tribu·

304 4024 545 4088 Vectigal.
581 4040 613 4075 a
650 4032 864 4077 vectura
902 4024 1121 4089 dictum,
1156 4026 1368 4091 proprie
1450 4025 1617 4082 tariae,
1661 4038 1776 4090 quae
1819 4022 2087 4084 tributum,
2129 4017 2518 4083 ‘stipendiarian

295 4100 505 4167 quidem
547 4102 831 4163 portorium
871 4100 1173 4167 significat:
1212 4100 1369 4151 latius
1448 4115 1567 4166 quae
1592 4099 1930 4165 stipendium,-
1952 4094 2315 4148 conferebant.
2380 4094 2520 4142 Vide

293 4186 475 4228 tamen
509 4179 771 4239 accipitur
792 4193 888 4243 pro
915 4179 1111 4229 tributo
1134 4187 1191 4228 et
1214 4191 1372 4242 pecu·
1449 4178 1634 4242 Sigon.
1655 4176 1724 4227 de
1745 4176 1957 4248 antiquo
1971 4173 2095 4238 jure
2118 4170 2350 4238 provinc.
2370 4169 2459 4219 lib.
2476 4183 2516 4219 ι.

300 4254 405 4310 nie,
447 4253 766 4316 publicarum
804 4257 1177 4310 necessitatum
1217 4269 1374 4306 causa
1450 4268 1568 4318 cap.
1596 4259 1642 4305 l.

432 4335 616 4400 Delpk.
648 4341 698 4387 et
729 4336 843 4387 Ver.
867 4337 997 4387 Clas.
1307 4336 1496 4385 Livius.
2268 4332 2300 4377 6
2333 4327 2383 4378 Ο
