3025 4892
1043 382 1184 431 ιω.
1233 381 1464 431 xxiv,
1512 383 1682 433 car».
1726 366 1834 433 492
2346 370 2521 439 2073

413 525 523 592 ³9.
573 521 814 591 Filium
845 518 1026 590 Gala
1054 524 1495 593 Masinissam
1518 523 1569 566 ¹⁶
1614 526 1925 606 habebat,
1974 532 2236 614 se'ptem
2288 535 2359 596 'et
2403 530 2520 595 de-

330 612 473 695 cem
504 647 715 695 annos
740 633 987 705 natum,
1016 636 1308 693 ceterum
1345 628 1657 713 juvenem
1700 649 1785 695 ea
1812 630 2062 707 indole,
2090 636 2166 697 ut
2196 630 2339 717 jam
2373 641 2521 698 tum

330 737 697 815 appareret,
725 730 935 795 latius
965 750 1233 814 regnum
1271 733 1811 818 opulentiusque,
1836 740 2035 818 quam
2069 736 2523 818 accepisset,¹⁷

327 827 678 899 facturum.
788 834 1047 916 Legati,
1093 838 1113 868 ‘
1148 835 1465 919 quoniam
1495 835 1782 921 Syphax
1823 855 1900 901 se
1946 836 2279 902 Romanis
2316 836 2524 922 junx·

330 935 517 1012 isset,
560 944 630 1002 ut
673 937 1006 1020 potentior
1072 938 1393 1003 societate
1455 958 1679 1004 eorum
1726 939 2047 1005 adversus
2089 959 2273 1022 reges
2314 960 2526 1024 popu·

326 1036 571 1124 losque
612 1037 866 1104 Africae
913 1038 1137 1117 esset,’
1191 1038 1453 1119 docent,
1497 1046 1517 1076 ⁶
1548 1041 1785 1107 melius
1825 1042 1962 1107 fore
2011 1041 2207 1108 Galae
2256 1061 2523 1126 quoque

331 1139 993 1225 Carthaginiensibus
1028 1143 1222 1227 Jnngi
1251 1162 1451 1225 quam
1481 1144 1791 1227 primum,
1817 1153 1968 1209 ante
1998 1163 2205 1228 quam
2237 1144 2526 1228 Syphax

331 1243 399 1309 in
433 1243 864 1327 Hispaniam,
906 1249 1023 1310 aut
1052 1243 1340 1308 Romani
1366 1245 1437 1308 in
1475 1244 1780 1310 Africam
1809 1251 2183 1311 transeant:
2234 1246 2526 1330 opprimi

332 1345 727 1431 Syphacem,
757 1347 1083 1412 nihildum
1112 1352 1352 1431 praeter
1378 1366 1621 1411 nomen
1652 1367 1740 1413 ex
1771 1348 2027 1413 foedere
2058 1348 2374 1414 Romano
2404 1348 2526 1414 ha-

330 1449 615 1526 bentem,
646 1449 893 1535 posse.’
980 1450 1214 1516 Facile
1255 1469 1644 1535 persuasum
1675 1450 1895 1527 Galae,
1942 1451 2083 1516 filio
2121 1450 2528 1536 deposcente

332 1550 400 1614 id
453 1551 719 1630 bellum,
761 1560 835 1619 ut
876 1554 1240 1619 exercitum
1285 1554 1619 1634 mitteret3
1688 1554 1823 1638 qui,
1876 1553 2528 1635 Carthaginiensium

328 1652 698 1733 legionibus
773 1656 1163 1740 conjunctiS,
1228 1676 1468 1739 magno
1535 1655 1769 1738 praelio
1826 1655 2205 1740 Syphacem
2250 1655 2526 1720 devicit.

328 1753 631 1837 Triginta
660 1757 866 1822 millia
886 1777 969 1823 eo
1004 1759 1235 1841 praelio
1256 1759 1590 1824 hominum
1615 1778 1798 1825 caesa
1820 1758 2151 1825 dicuntur.
2236 1757 2529 1842 Syphax

331 1876 483 1922 cum
526 1860 759 1943 paucis
797 1860 1131 1944 equitibus
1181 1862 1249 1925 in
1306 1860 1739 1926 Maurusios⁴³
1787 1881 1872 1927 ex
1917 1862 2065 1927 acie
2114 1858 2527 1925 Numidas¹⁸

327 1957 645 2038 (extremi
688 1980 901 2045 prope
948 1982 1267 2027 oceanum
1305 1961 1629 2028 adversus
1672 1962 1906 2029 Gades
1951 1960 2214 2047 colunt)
2247 1962 2526 2046 refugit:

333 2061 894 2147 affluentibusque
935 2064 1020 2130 ad
1064 2066 1310 2131 samam
1349 2066 1494 2151 ejus
1535 2064 1832 2150 undique
1870 2066 2194 2141 barbaris,
2219 2064 2528 2147 ingentes
2574 2128 2583 2135 ,

329 2165 516 2230 brevi
564 2167 804 2250 copias
847 2169 1156 2232 armavit.
1221 2167 1424 2245 ,Cum
1472 2169 1723 2254 quibus
1759 2176 2122 2252 antequam
2158 2166 2227 2231 in
2264 2165 2530 2250 Hispa-

333 2267 536 2344 niam,
567 2266 860 2352 ‘angusto
898 2270 1243 2338 diremtam
1280 2271 1500 2349 freto,r
1560 2271 1910 2356 trajiceret,
1959 2268 2333 2334 Masinissa
2370 2288 2530 2334 cum

332 2371 588 2437 victore
633 2372 926 2438 exercitu
988 2373 1295 2441 advenit:
1342 2373 1534 2459 isque
1582 2375 1676 2440 ibi
1720 2393 1872 2440 cum
1918 2371 2230 2458 Syphace
2271 2369 2529 2456 ingenti

332 2473 542 2556 gloria
580 2494 702 2558 per
738 2494 834 2554 se,
892 2476 1040 2541 sine
1107 2477 1267 2542 ullis
1312 2476 1961 2561 Carthaginiensium
2005 2477 2274 2560 opibus,
2314 2474 2531 2559 gessit

331 2574 599 2640 bellurn.
707 2576 790 2641 In
837 2577 1176 2665 Hispania
1236 2580 1395 2644 nihil
1461 2579 1891 2645 memorabile
1937 2582 2221 2662 gestum,
2266 2585 2531 2663 proeter-

331 2697 532 2761 quam
577 2679 762 2764 quod
805 2679 1206 2746 Celtiberum
1242 2682 1659 2765 juventutem
1708 2680 1944 2746 eadem
2003 2680 2336 2759 mercede,
2394 2699 2530 2763 qua

331 2785 537 2863 pacta
559 2788 609 2833 ¹⁹
683 2801 835 2847 cum
896 2781 1558 2866 Carthaginiensibus
1640 2789 1806 2860 erat,
1869 2783 2311 2866 imperatores
2383 2782 2528 2846 Ro·

332 2883 516 2946 mani
549 2883 638 2949 ad
674 2903 750 2950 se
789 2885 1274 2969 perduxerunt:
1321 2892 1389 2952 et
1424 2885 1884 2952 nobilissimos
1922 2884 2276 2969 Hispanos
2321 2903 2528 2968 supra

1249 3037 1366 3056 ‘m
1370 3035 1607 3057 00000000

400 3118 460 3164 16
492 3114 510 3144 ‘
532 3113 620 3166 ΑΙ.
654 3116 988 3168 Man-niumm.
1054 3119 1210 3169 Forte
1232 3118 1333 3181 teg.
1355 3117 1707 3168 Humanarum
1741 3118 1823 3167 vel
1852 3116 2209 3178 Mamertinum,
2233 3120 2291 3165 ut
2323 3114 2525 3167 Grecis

330 3177 545 3230 dicitur.
584 3194 633 3231 v.
673 3180 737 3230 ad
776 3182 868 3232 Sil.
911 3196 1029 3234 xvr.
1064 3183 1194 3234 11⁷)
1229 3184 1560 3247 liutpert—1⁷
1601 3184 1758 3241 Quam
1792 3183 1913 3248 qnod
1946 3182 2199 3246 accepimt
2235 3180 2367 3231 Edd.
2404 3190 2528 3232 ante

331 3242 563 3294 Gronov.
590 3251 644 3295 et
670 3246 902 3310 plerique
926 3248 1057 3299 Mas.
1079 3249 1223 3310 prob.
1258 3248 1587 3298 Stroth.—18
1618 3250 1635 3277 ‘
1658 3246 2045 3299 Incommodum
2068 3255 2148 3296 ent
2170 3247 2219 3296 h.
2244 3247 2282 3297 1.
2305 3247 2527 3296 vocabu-

272 3348 281 3358 .
328 3309 436 3359 lum
461 3309 716 3361 Numidas.
782 3313 1023 3375 Sigonius
1047 3313 1274 3363 Numidis
1296 3314 1490 3377 legere,
1517 3312 1602 3362 aiii
1627 3313 1803 3363 delere
1828 3313 1978 3376 plone
1998 3310 2278 3361 malebant.
2334 3311 2526 3360 Forsan

327 3374 632 3497 legendnm:
669 3376 722 3424 in
746 3377 1016 3427 Maurusios
1034 3392 1096 3426 ex
1113 3379 1232 3427 acie.
1253 3376 1602 3442 (Numidarum
1632 3379 1834 3428 extremi
1860 3392 1912 3440 p.
1932 3392 2001 3426 oc.
2022 3377 2128 3426 adv.
2162 3377 2326 3425 Gades
2345 3374 2528 3435 colunt)

331 3451 361 3486 r
480 3440 491 3451 ’
517 3438 549 3487 .’
577 3439 910 3493 Stroth—19
943 3443 960 3471 ⁴
987 3444 1096 3500 Qua
1121 3448 1266 3506 pacta
1301 3442 1534 3506 plerique
1559 3451 1615 3493 et
1638 3442 1823 3506 optimi
1843 3442 1974 3492 Meu.
2006 3454 2145 3504 quarn
2172 3455 2222 3503 p.
2254 3447 2310 3489 et
2341 3454 2445 3503 que
2473 3454 2525 3503 p·

1323 3537 1538 3590 NOTAE

398 3625 424 3660 ἱ
461 3617 522 3666 In
552 3618 855 3683 Mau-unios]
891 3617 1057 3670 Iidem
1095 3626 1216 3669 runt
1238 3619 1387 3670 Mau·
1468 3620 1594 3669 nihil
1630 3619 1714 3669 bic
1749 3619 1819 3670 eit
1852 3624 2174 3683 corruptum,
2212 3615 2526 3668 crediderim

332 3693 458 3742 rusii
497 3709 615 3744 curn
647 3695 860 3754 Mauris,
887 3696 1220 3747 Mauritania
1256 3696 1390 3747 anti·
1467 3696 1746 3747 Maur-uim
1769 3695 2008 3746 Numidas
2029 3694 2154 3755 dici,
2175 3694 2260 3760 qui
2284 3700 2528 3758 parerent

335 3787 452 3835 φιτ
486 3772 686 3832 incolis,
706 3788 819 3838 qun
855 3780 973 3838 port
1000 3772 1243 3823 Romanis
1265 3773 1387 3823 Tin·
1471 3774 1733 3837 Numidis,
1758 3773 1840 3822 vel
1862 3771 2109 3835 Syphaci.
2142 3772 2200 3819 J.
2229 3771 2459 3820 Clericus.

333 3849 511 3909 gitana
535 3864 549 3896 :
586 3847 739 3897 hodie
777 3863 936 3912 regna
960 3850 1122 3900 Feuoe
1144 3854 1199 3898 et
1221 3848 1389 3898 Maro·
1535 3849 1839 3899 roim-tm
1859 3847 2019 3912 freto]
2062 3848 2278 3898 Fretum
2304 3861 2398 3911 per
2438 3862 2529 3897 an·

330 3926 427 3981 clii,
454 3925 723 3975 Barbaria
748 3940 870 3989 pars
893 3926 1114 3976 maxime
1145 3926 1386 3977 occiden·
1471 3926 1806 3977 toriomasiam
1835 3923 2025 3973 dicitur
2052 3923 2392 3985 Herculeum,
2416 3925 2525 3974 nive

336 4002 473 4052 talio.
540 4001 797 4052 Numidiae
830 4017 1015 4053 nomen
1048 4005 1146 4053 buc
1184 4017 1390 4068 qnoque
1470 4002 1828 4053 Gaditanum:
1865 3999 2014 4049 nobis
2049 3998 2201 4049 bodie
2233 3999 2433 4049 Dbtmr‘t
2466 4002 2526 4050 de

335 4077 601 4142 porrigere
676 4077 883 4128 videtur
960 4080 1152 4138 Livius,
1207 4087 1389 4131 contra
1473 4079 1767 4136 Cibi-altam
1823 4076 1958 4142 quod
2010 4075 2197 4130 exiguo
2250 4074 2525 4125 intervallo

336 4167 491 4219 quam
516 4154 677 4203 ceteri
697 4157 991 4217 scriptores.
1472 4154 1703 4206 Africam
1729 4153 1796 4204 ab
1822 4154 2031 4217 Europa
2050 4150 2314 4215 disjungit.

406 4229 464 4279 ln
500 4230 773 4280 Maurusios
810 4247 872 4281 ea:
907 4232 1008 4283 acie
1041 4230 1302 4296 Numidas]
1334 4232 1390 4282 Si

473 4315 644 4377 Delma.
661 4320 711 4365 et
741 4317 860 4366 Ver.
876 4314 1009 4365 Clas.
1352 4312 1540 4363 Livias.
2282 4311 2314 4356 0
2350 4308 2397 4357 U
