3025 4892
969 351 1169 400 mimi
1223 351 1389 400 xlv.
1434 350 1784 402 summum
1800 353 2083 406 ENTUM.

402 495 615 574 majori
650 494 948 576 perculsus
983 518 1107 557 esse
1132 499 1335 559 timore
1360 497 1650 570 videatur,
1691 510 1881 581 coepto
1921 522 1982 559 se
2023 500 2294 561 desistere

398 592 676 655 simulatx
722 593 921 674 colligi
945 594 1200 655 sarcinas
1228 597 1426 673 jubet,
1468 606 1536 656 ut
1562 598 1988 678 quamprimum
2013 597 2297 659 discessu-

400 714 523 753 rus.
612 691 687 752 In
716 692 937 762 urbem,
965 702 1034 752 ut
1055 694 1258 753 castris
1282 702 1403 753 tam
1446 696 1784 775 propinquis
1824 715 2121 755 necessum
2148 706 2294 767 erat,

400 792 522 852 cito
549 794 677 852 haec
701 790 1053 850 nuntiantur.
1140 790 1370 850 Praeter
1416 790 1780 871 probabilem
1808 792 1890 851 rei
1925 812 2163 853 causam
2194 796 2298 872 ju-

399 898 576 949 vatur
615 909 687 949 eo
726 908 961 969 quoque
1006 886 1341 957 credulitaS,
1379 887 1539 967 quod
1568 909 1768 948 verum
1812 889 1923 949 boc
1949 910 2072 949 esse
2096 890 2296 970 cupie—

398 987 579 1046 bant:
623 1006 758 1046 cum
773 987 905 1064 jam
930 994 1136 1066 sponte
1162 986 1313 1044 hanc
1348 987 1406 1044 in
1450 995 1674 1067 partem
1715 986 2130 1046 inclinantibus
2171 987 2294 1047 ani-

398 1085 532 1154 mis,
557 1083 826 1164 captivus
850 1082 1091 1163 quidam
1116 1103 1217 1163 spe
1259 1082 1546 1142 libertatis
1586 1092 1762 1163 atque
1798 1084 2164 1164 praemiorum
2207 1085 2296 1143 in-

394 1179 613 1241 ductus
636 1201 674 1240 a
691 1179 930 1241 consule
957 1180 1312 1259 supervenit,
1357 1189 1641 1260 tanquam
1678 1181 1828 1239 inter
1869 1179 2296 1241 festinationem

397 1276 822 1338 discedentium
849 1278 1156 1336 occasione
1183 1286 1426 1357 captata
1449 1276 1777 1337 custodiam
1803 1276 2117 1355 effugisset.

479 1381 539 1439 7.
585 1374 702 1435 Ille
724 1373 1063 1434 Cornelium
1090 1373 1405 1446 Rufinum,
1442 1373 1604 1455 quod
1650 1373 1727 1434 ad
1772 1373 2047 1434 Crotonis
2070 1395 2297 1456 oppug-

396 1473 693 1532 nationem
712 1490 917 1553 parum
942 1472 1185 1532 haberet
1202 1473 1442 1543 roboris,
1468 1471 1685 1532 Locros
1705 1491 1940 1552 pergere
1961 1482 2178 1543 narrat,
2196 1492 2293 1532 ac·

395 1570 579 1628 citum
605 1589 643 1628 a
668 1568 1019 1649 quibusdam
1044 1570 1247 1628 urbem
1274 1568 1435 1628 illam
1461 1568 1708 1651 prodere
1734 1567 2030 1649 pollicitis.
2100 1568 2298 1630 Adest

396 1665 576 1745 paulo
603 1675 734 1747 post
766 1676 829 1726 et
852 1666 1020 1738 alter,
1047 1668 1149 1746 qui
1175 1666 1250 1725 de
1281 1667 1564 1750 prioribus
1604 1665 1846 1734 eadem3
1889 1675 2147 1726 ceterum
2160 1669 2294 1746 jam

394 1763 505 1822 iter
532 1765 815 1842 ingressos
851 1784 975 1823 esse
1010 1763 1319 1823 Romanos
1365 1767 1603 1823 asserit:
1646 1761 1820 1823 simul
1862 1763 2295 1843 conspiciuntur

391 1860 622 1920 eminus
654 1860 820 1939 signa
842 1870 904 1921 et
926 1881 1133 1940 agmen
1163 1861 1552 1921 incedentium
1580 1861 1678 1920 via
1703 1879 1837 1940 quae
1868 1859 2085 1920 Locros
2109 1860 2292 1922 ducit.

394 1956 492 2017 Eo
511 1957 652 2017 dolo
675 1967 884 2038 captus
919 1957 1325 2019 Nicomachus
1344 1979 1448 2039 per
1471 1957 1821 2039 compendia
1844 1958 2066 2017 viarum
2088 1957 2292 2017 celeri-

394 2065 486 2115 ter
509 2075 647 2115 cum
671 2057 790 2115 suis
815 2056 1064 2116 accurrit
1084 2055 1322 2126 Locroe,
1352 2065 1418 2115 ut
1441 2075 1573 2115 eam
1594 2075 1832 2136 quoque
1861 2055 2062 2114 urbem
2088 2054 2292 2114 defen-

388 2172 577 2212 surus.
662 2153 846 2220 Quod
886 2153 986 2212 ubi
1023 2173 1127 2233 per
1149 2152 1413 2213 occultos
1449 2153 1682 2212 nuntios
1707 2150 1968 2211 Rufinus
1991 2151 2110 2211 cito
2128 2171 2288 2211 com·

392 2249 565 2330 perit,
613 2269 893 2311 converso
919 2250 1145 2320 itinere,
1184 2249 1501 2310 Crotonem
1546 2269 1853 2327 regressus,
1890 2258 2112 2327 quanto
2149 2269 2290 2308 con-

388 2347 520 2407 silio
561 2366 633 2407 ac
675 2348 833 2427 prius
874 2346 1130 2417 meliore,
1174 2355 1341 2406 tanto
1381 2348 1562 2406 etiam
1605 2355 1819 2405 eventu
1853 2345 2109 2405 feliciore
2153 2366 2291 2404 usus

387 2454 514 2513 aet;
561 2443 1040 2523 diligentiamque
1065 2447 1196 2523 ejus
1230 2464 1343 2503 non
1369 2444 1547 2502 modo
1581 2442 1860 2501 securitas
1886 2442 2158 2510 hostium,
2185 2440 2287 2499 sed

386 2543 568 2602 etiam
588 2541 838 2602 fortunae
874 2540 1039 2602 favor
1064 2542 1257 2620 juvit:
1299 2540 1482 2600 densa
1517 2540 1674 2599 enim
1713 2536 1925 2597 nebula
1966 2545 2289 2617 opportune

390 2640 543 2699 texit
576 2638 977 2710 accedentem,
1005 2640 1283 2719 priusque
1310 2636 1731 2718 propemodum
1752 2636 1905 2693 intra
1931 2633 2142 2692 moenia
2179 2632 2290 2691 fuit

388 2736 576 2797 victor
615 2738 928 2807 exercitus,
971 2757 1148 2816 quam
1191 2756 1481 2796 reversum
1527 2735 1888 2795 Crotoniatae
1930 2732 2285 2792 didicissent.

387 2832 598 2914 Atque
624 2836 798 2913 hujus
817 2835 1075 2894 victoriae
1102 2854 1205 2914 per
1228 2854 1290 2893 se
1310 2834 1450 2893 satis
1476 2852 1689 2911 magna
1733 2830 1959 2900 laetitia,
1985 2839 2068 2889 ·ut
2104 2828 2284 2888 ferme

388 2932 725 2992 neutramin
752 2940 976 3013 partem
1000 2930 1237 2991 fortuna
1251 2941 1411 2991 tenet
1425 2930 1685 3002 modum,
1702 2928 1833 2989 aliis
1850 2925 2095 2988 subinde
2110 2926 2283 2987 rebus

388 3029 545 3089 haud
566 3030 758 3089 minus
777 3028 926 3089 laetis
943 3029 1244 3089 cumulata
1262 3040 1371 3089 est.

463 3135 524 3187 8.
552 3126 961 3187 Nicomachus
979 3128 1157 3198 enim,
1178 3125 1479 3187 intellecto
1502 3147 1566 3187 se
1592 3128 1650 3187 in
1672 3145 1921 3186 errorem
1948 3122 2281 3184 inemenda-

384 3224 565 3284 bilem
590 3224 878 3294 incidbse,
912 3223 1052 3283 dum
1092 3225 1344 3284 incertus
1376 3223 1605 3285 consilii
1627 3223 1948 3284 Tarentum
1973 3221 2145 3292 redit,
2173 3239 2280 3279 ex-

384 3332 587 3402 ceptus
622 3342 659 3381 a
697 3320 925 3381 Rufino
976 3341 1246 3399 magnam
1288 3342 1522 3382 suorum
1562 3331 1787 3402 partem
1823 3319 2039 3388 amisit,
2060 3326 2123 3376 et
2144 3335 2280 3376 cum

383 3418 623 3498 reliquis
653 3419 757 3479 vix
789 3419 851 3477 in
879 3426 1071 3478 tutum
1105 3418 1338 3499 elapsus
1366 3428 1488 3490 est;
1534 3440 1691 3490 cum,
1721 3437 1898 3478 unam
1934 3416 2135 3475 urbem
2172 3412 2278 3472 de·

384 3515 632 3576 fendisse
669 3536 783 3575 non
811 3525 1139 3587 contentus,
1165 3515 1315 3575 duas
1350 3517 1710 3598 perdidisset.
1797 3513 1966 3575 Nam
2006 3522 2069 3572 et
2104 3509 2277 3571 Locri

2453 339 2628 405 1469

381 3634 647 3674 succosa
659 3613 771 3672 isto
788 3614 1050 3684 animati,
1068 3613 1336 3693 praesidio
1355 3614 1576 3695 Pyrrhi
1593 3613 2010 3694 praefectoque,
2027 3626 2275 3690 quorum
2299 3617 2510 3684 Appian.
2523 3635 2600 3686 ap..

381 3712 457 3791 inj
468 3713 622 3772 urias
643 3710 864 3770 diutius
882 3711 1106 3791 perpeti
1132 3712 1475 3791 nequibant,
1501 3710 1825 3782 trucidatis,
1846 3708 1924 3768 ad
1955 3707 2273 3766 amicitiam

381 3808 865 3870 Romanorumse
890 3807 1277 3868 contulerunt.
1362 3807 1575 3867 Rebus
1597 3806 1674 3867 ad
1695 3807 1847 3865 hunc
1876 3803 2112 3863 modum
2137 3822 2274 3883 pro-

380 3907 744 3977 cedentibus,
772 3925 886 3965 non
907 3904 1042 3965 ideo
1083 3904 1141 3963 in
1182 3913 1410 3965 tantum
1452 3904 1788 3965 ceciderant
1824 3901 2002 3961 animi
2048 3899 2282 3959 Samni-

380 4006 521 4065 tium
548 4012 990 4080 ceterorumque
1026 4001 1396 4082 populorum,
1437 4003 1580 4083 quin
1620 4020 1793 4081 super
1829 3999 2062 4059 insitam
2090 3996 2279 4077 pervi-

382 4104 626 4172 caciam,
648 4120 753 4182 spe
779 4120 1013 4180 quoque
1035 4098 1257 4179 Pyrrhi
1284 4099 1454 4178 regis,
1482 4109 1542 4159 et
1559 4097 1836 4158 nuntiatis
1855 4098 1982 4175 ejus
1998 4094 2056 4153 in
2075 4092 2282 4152 Sicilia

382 4200 761 4269 successibus,
798 4197 875 4257 ad
911 4198 1107 4257 omnia
1148 4216 1282 4279 quae
1324 4218 1446 4257 sors
1486 4196 1711 4256 ferebat
1753 4190 2128 4276 perpetienda
2153 4209 2276 4249 sus·

381 4304 757 4359 tentarentur.
852 4338 857 4342 -

2301 3684 2461 3735 Vales.
