3025 4892
1202 399 1352 449 mn.
1415 398 1659 450 xxm.
2324 386 2501 456 1885

303 546 390 594 80.
423 542 619 594 Petilia
650 541 704 592 in
738 542 979 606 Bruttiis,
1013 544 1354 608 pertinaciter
1385 545 1625 609 defensa,
1673 552 1730 598 et
1764 547 2046 599 Consentia
2090 548 2158 600 ab
2192 549 2506 614 Himilcone,

372 626 535 677 Croto
557 641 588 675 a
613 626 853 686 Bruttiis,
875 626 1153 690 capiuntur
1168 643 1185 678 z
1219 638 1274 677 et
1298 628 1586 679 Locrenses
1609 630 1880 694 ceterique
1915 631 2024 694 eJns
2059 632 2283 696 regionis
2308 635 2506 698 populi,

372 715 567 770 preter
588 706 871 770 Rheginos,
897 707 1194 759 desciscunt
1216 707 1281 758 ad
1321 709 1528 760 Poenos.
1592 710 1674 762 Ad
1704 710 1913 762 eosdem
1938 710 2118 764 deficit
2139 714 2289 772 Gelo,
2316 716 2503 766 Hiero·

369 789 451 840 nia
476 790 637 852 min„
670 790 754 854 qni
780 797 948 840 tamen
984 800 1152 841 morte
1174 801 1467 855 opportuna
1491 791 1796 842 absumitur.
1862 794 1995 844 Ludi
2031 794 2221 845 dantur
2241 794 2510 858 funebres,

371 871 590 921 Romani
614 870 906 934 plebeiiqne
932 878 1014 920 ter
1035 872 1406 922 instaurantur.
1473 872 1737 923 Praetores
1773 875 2061 925 sortiuntur
2096 878 2410 940 provincias,
2447 886 2506 929 et

368 952 447 1002 M.
471 953 757 1002 Marcellus
787 967 882 1016 pro
903 953 1113 1002 consula
1146 953 1417 1017 imperium
1458 956 1669 1019 accipit.
1734 959 1817 1004 at.
1851 956 2062 1019 Duplex
2097 958 2382 1021 imperatur
2414 958 2504 1009 tri·

372 1033 554 1083 butum
576 1052 590 1080 ε
624 1041 678 1083 et
700 1042 909 1084 senatus
942 1034 1201 1094 decernit,
1235 1050 1338 1099 qno
1372 1043 1428 1086 et
1464 1050 1495 1085 a
1526 1037 1709 1101 quibus
1747 1036 2040 1086 deducendi
2080 1039 2184 1088 sint
2220 1040 2506 1090 exercitus.

370 1113 590 1179 Equites
613 1115 881 1177 Campani,
902 1127 1017 1165 ccc.
1045 1116 1320 1180 stipendiis
1355 1116 1404 1166 in
1429 1119 1606 1168 Sicilia
1629 1131 1745 1168 cum
1769 1117 1873 1168 fide
1906 1119 2156 1182 emeritis,
2178 1119 2392 1170 Romam
2417 1135 2506 1171 ve-

369 1196 536 1251 niunt,
557 1193 792 1261 fiuntque
812 1197 953 1245 cives
977 1195 1216 1246 Romani.
1284 1197 1345 1246 ln
1369 1199 1534 1248 iocum
1559 1199 1620 1247 L.
1645 1199 1897 1249 Postumii
1921 1200 2138 1264 primum
2166 1201 2241 1249 M.
2258 1199 2507 1251 Claudius

371 1277 655 1326 Marcellus
685 1277 865 1326 consul
887 1275 1158 1339 sufficitur,
1193 1278 1305 1335 sed,
1338 1280 1458 1344 qnia
1481 1281 1523 1328 is
1546 1280 1672 1329 vitio
1694 1289 1901 1329 creatus
1928 1280 2150 1343 videtur,
2175 1294 2291 1331 mox
2315 1282 2383 1334 Q.
2408 1281 2507 1332 1²·-

371 1358 489 1408 bins
523 1359 782 1409 Maximus
817 1372 902 1408 ιιι.
982 1358 1234 1422 Prodigia
1267 1360 1566 1424 expiantur.
1647 1365 1729 1411 ⁸2.
1764 1360 1898 1411 Novi
1938 1362 2271 1426 magistratus
2303 1362 2507 1429 ipsique

372 1448 642 1503 praetores,
660 1439 724 1488 ad
750 1439 839 1503 jus
862 1439 1139 1490 dicendum
1164 1440 1349 1496 creati,
1390 1441 1441 1489 in
1478 1441 1772 1504 provincias
1807 1440 2218 1505 proficiscuntur.
2287 1443 2509 1495 Cartha·

372 1519 634 1583 ginienses
659 1528 831 1570 autem
858 1535 974 1570 cum
992 1521 1241 1571 classibus
1263 1521 1534 1587 copiisque
1555 1521 1606 1570 in
1633 1521 1937 1585 Hispaniam
1960 1523 2180 1574 mittunt
2201 1523 2506 1587 Magonem,

372 1608 429 1651 et
452 1600 834 1654 Hasdrubalem
868 1603 1084 1653 Calvum
1118 1603 1171 1652 in
1194 1601 1506 1666 Sardiniam,
1530 1618 1632 1668 qno
1654 1603 2000 1670 Hampsicora
2028 1605 2220 1671 aliique
2244 1605 2508 1675 principe

371 1683 632 1746 legatione
655 1683 980 1734 clandestina
1003 1700 1094 1734 eos
1111 1692 1444 1735 vocaverant.

308 1768 396 1815 83.
443 1765 717 1829 Philippus
756 1765 1103 1816 Macedonum
1138 1781 1231 1815 rea
1263 1767 1327 1816 ad
1362 1767 1556 1817 Poenos
1599 1767 1764 1818 mittit
1797 1767 2013 1831 legatos,
2058 1767 2145 1834 qui
2189 1769 2411 1833 primam
2449 1766 2506 1819 its

375 1848 627 1908 Romana,
646 1846 834 1896 deinde
873 1849 925 1896 in
962 1846 1269 1897 Hannibalis
1305 1855 1478 1898 castra
1517 1849 1849 1912 perveniunt,
1886 1846 2159 1915 fedusque
2194 1864 2313 1901 cnm
2349 1861 2414 1900 eo
2452 1858 2511 1900 et

371 1928 648 1980 amicitiam
678 1930 921 1993 jungunt.
983 1933 1068 1979 u·
1100 1929 1320 1979 Eosdem
1356 1943 1473 1980 cum
1508 1930 1761 1996 Gisgone,
1796 1931 2040 1996 Bostare,
2075 1937 2131 1982 et
2165 1931 2391 1997 Magone
2428 1946 2511 1984 re·

369 2009 591 2061 deantes
604 2011 816 2076 jamque
853 2019 1097 2061 tenentes
1134 2012 1295 2061 altum
1332 2011 1551 2061 Romani
1585 2021 1988 2077 persequuntur,
2018 2020 2075 2063 et
2104 2015 2508 2076 comprehensos

373 2092 588 2143 Romam
614 2093 680 2141 ad
703 2101 936 2141 senatum
961 2092 1192 2142 mittunt.
1257 2093 1324 2144 Q.
1361 2092 1568 2143 Mucius
1593 2093 1825 2143 Scaevola
1866 2101 2059 2158 praetor
2092 2096 2145 2142 in
2181 2095 2423 2144 Sardinia
2455 2095 2508 2143 in

374 2173 584 2236 longum
606 2172 793 2224 incidit
815 2173 1067 2231 morbum,
1107 2181 1163 2222 et
1195 2173 1316 2224 hinc
1350 2187 1413 2224 eo
1444 2175 1505 2224 Τ.
1539 2174 1765 2224 Manlius
1803 2174 2098 2240 Torquatus
2131 2190 2249 2224 cum
2292 2174 2509 2239 imperio

376 2253 621 2306 mittitur.
688 2254 888 2305 Eodem
911 2253 1079 2305 tendit
1111 2253 1444 2304 Hasdrubal:
1476 2255 1571 2304 sed
1599 2256 1798 2311 classis,
1828 2255 1911 2305 cui
1952 2264 2163 2319 praest,
2200 2253 2343 2306 foeda
2379 2262 2510 2306 tem-

374 2342 579 2399 pestate
603 2342 792 2385 vexata
812 2335 875 2385 ad
913 2335 1147 2386 Baliares
1185 2335 1377 2385 insulas
1399 2335 1658 2401 dejicitur.
1725 2341 1807 2387 85.
1844 2337 2116 2401 Campani,
2152 2345 2211 2386 nt
2246 2334 2367 2385 dolo
2406 2336 2512 2386 Cu-

375 2431 553 2467 manos
568 2432 674 2466 sua».
699 2417 911 2467 ditionis
933 2416 1148 2479 faciant,
1179 2431 1354 2466 eorum
1385 2426 1624 2467 senatum
1652 2418 1717 2468 ad
1741 2432 2013 2468 commune
2035 2425 2330 2483 statumque
2352 2418 2511 2468 sacri-

375 2497 549 2549 ficium
583 2498 650 2549 ad
679 2499 874 2548 Hamas
908 2496 1204 2549 faciendum
1236 2498 1479 2560 invitant,
1516 2513 1612 2548 nec
1637 2499 1818 2562 procul
1839 2497 1959 2548 inde
1993 2498 2046 2548 in
2079 2499 2287 2548 occulto
2310 2499 2509 2548 Marius

378 2578 565 2644 Alfius,
606 2582 995 2644 medixtuticus‚
1032 2594 1149 2630 cnm
1196 2593 1315 2631 xlv.
1352 2580 1574 2630 millibus
1614 2587 1926 2629 armatorum
1959 2578 2211 2629 considet.
2293 2579 2511 2630 Cumani

378 2671 570 2720 autem,
595 2662 778 2726 quibus
815 2658 954 2711 frans
976 2668 1219 2726 suspecta
1258 2669 1357 2723 est,
1384 2676 1493 2711 rem
1533 2662 1771 2711 nuntiant
1808 2661 1891 2711 Ti.
1927 2660 2231 2725 Sempronio
2265 2659 2511 2711 Graccho

378 2760 485 2796 cos.
517 2745 603 2810 qni
627 2745 772 2794 circa
791 2744 1058 2793 Liternum
1083 2744 1275 2793 stativa
1296 2742 1470 2792 babet.
1537 2741 1593 2791 Is
1616 2741 1790 2790 media
1810 2747 1966 2790 nocte
1989 2740 2278 2802 Campanos
2316 2743 2368 2790 in
2404 2755 2512 2791 cas-

381 2829 477 2878 tris
500 2827 767 2891 opprimit,
795 2827 1089 2890 multosque
1118 2825 1415 2874 obtruncat.
1478 2827 1563 2873 86.
1597 2823 1794 2874 Castris
1834 2821 2055 2872 hostium
2092 2822 2288 2885 potitus
2319 2823 2509 2872 Cumas

376 2923 432 2960 se
457 2924 673 2973 propere
691 2908 899 2971 recipit,
922 2916 977 2957 et
999 2921 1117 2954 mox
1151 2905 1214 2955 ab
1240 2904 1531 2954 Hannibale
1566 2911 1915 2969 oppugnatur.
1980 2906 2065 2953 ⁸7.
2102 2903 2249 2952 Poeni
2283 2906 2510 2968 eruptio·

377 3006 443 3042 ne
467 3006 532 3040 ex
550 2990 743 3055 oppido
767 2988 907 3039 facta
929 2987 1196 3052 fugantur,
1215 2994 1270 3037 et
1291 2986 1353 3036 ad
1378 2983 1560 3036 Tifata
1579 2985 1801 3036 redeunt
1825 2983 2018 3035 infecta
2043 2999 2118 3035 re.
2185 2983 2377 3033 Iisdem
2401 2984 2512 3034 die-

352 3072 472 3123 ‘bus
491 3072 684 3123 Hanno
705 3087 737 3121 a
757 3071 839 3121 Ti.
872 3071 1177 3135 Sempronio
1206 3070 1385 3132 Longo
1418 3083 1483 3117 ex
1506 3066 1695 3117 finibus
1721 3066 1944 3118 Lucanis
1983 3065 2036 3115 in
2064 3066 2302 3116 Bruttios
2339 3066 2511 3130 repel-

378 3156 525 3215 litur,
571 3162 628 3203 et
666 3154 763 3202 tria
807 3153 1142 3218 Hirpinorum
1180 3151 1376 3216 oppida
1410 3152 1461 3200 vi
1501 3145 1825 3215 recipiuntur
1859 3165 1890 3199 a
1912 3149 1987 3200 M.
2025 3148 2236 3199 Valerio
2270 3159 2518 3212 pretore.

378 3239 462 3286 18.
498 3234 732 3299 Philippi
757 3233 1136 3297 Poenorumque
1162 3234 1317 3296 legati
1350 3233 1611 3282 ducuntur
1643 3232 1876 3288 Romam,
1916 3239 1971 3281 et
2006 3232 2188 3280 elassis
2218 3242 2266 3280 1..
2306 3230 2512 3279 navium

379 3324 744 3382 paratur‚quae
768 3329 937 3377 regem
971 3317 1022 3364 in
1045 3315 1354 3381 Macedonia
1377 3315 1663 3364 contineat.
1732 3317 1812 3363 ⁸9.
1848 3313 2065 3377 Legatio
2084 3313 2188 3362 alia
2210 3327 2242 3361 a
2267 3311 2513 3376 Philippo

380 3400 445 3449 ad
484 3397 827 3447 Hannibalem
863 3397 1103 3451 mittitur,
1138 3410 1255 3461 quae
1290 3409 1541 3460 prospere
1577 3393 1679 3444 fert
1710 3409 1771 3444 ac
1813 3391 1974 3442 refert
1994 3392 2255 3443 mandata.
2328 3392 2513 3443 Fabius

382 3489 491 3531 tres
515 3481 889 3540 Campanorum
910 3476 1065 3526 urbes
1090 3477 1137 3525 vi
1162 3478 1322 3540 capit,
1342 3484 1397 3526 et
1416 3476 1493 3524 M.
1509 3475 1794 3525 Marcellus
1819 3488 1961 3537 proc.
1997 3475 2047 3522 in
2065 3472 2360 3537 praesidium
2380 3472 2519 3523 redit

380 3563 591 3625 Nolam,
614 3560 698 3610 ubi
723 3559 869 3623 plebs
892 3558 1059 3608 adhuc
1079 3572 1328 3607 novarum
1350 3571 1519 3607 rernm
1543 3564 1601 3605 et
1620 3555 1927 3606 Hannibalis
1949 3563 2063 3605 tota
2084 3562 2181 3604 est.

312 3648 401 3695 ⁴0.
439 3643 567 3694 AT.
590 3642 787 3691 Manlio
823 3641 874 3689 in
916 3639 1152 3690 Sardinia
1193 3640 1409 3703 primum
1451 3637 1686 3700 Hiostus,
1722 3637 2079 3700 Hampsicorte.
2123 3632 2279 3697 filius,
2325 3634 2514 3684 deinde

385 3733 539 3792 pater
563 3725 669 3789 ejus
704 3730 759 3774 et
782 3722 1099 3784 Hasdrubal,
1139 3722 1224 3785 qni
1248 3721 1426 3784 copias
1454 3719 1762 3784 junxerant,
1801 3719 2093 3767 vincuntur.
2161 3720 2246 3765 ass-
2280 3715 2512 3766 Hasdru-

382 3808 489 3866 bat,
516 3806 723 3866 Hanno,
746 3812 929 3854 auctor
954 3802 1266 3858 rebellionis,
1290 3807 1346 3850 et
1365 3801 1545 3864 Mago.
1569 3799 1859 3863 propinqua
1879 3797 2194 3861 cognatione
2233 3795 2515 3846 Hannibali

370 3889 609 3954 junctus,
646 3885 748 3935 viri
775 3886 1080 3948 capiuntur5
1111 3884 1327 3934 Hiostus
1364 3883 1414 3931 in
1447 3882 1560 3932 acie
1595 3880 1774 3941 cadit3
1808 3880 2146 3943 Hampsicora
2172 3885 2388 3927 mortem
2416 3878 2515 3929 sibi

379 3973 495 4036 ipse
518 3969 826 4028 consciscit3
859 3967 1079 4021 Cornus,
1115 3963 1447 4026 fugitivorum
1478 3961 1888 4025 receptaculum,
1928 3968 2276 4022 expugnatur.
2306 3967 2362 4007 et
2398 3959 2515 4009 alim

382 4054 632 4104 civitates
651 4064 764 4099 sese
787 4048 1004 4098 dedunt.
1071 4045 1313 4096 Sardinia
1335 4046 1411 4097 sic
1435 4042 1730 4111 perdomita
1751 4042 1979 4092 Manlius
2003 4054 2119 4090 cnm
2140 4040 2360 4089 navibus
2382 4053 2516 4103 prn-

381 4136 455 4185 da
478 4133 681 4184 onustis
704 4130 920 4180 Romam
944 4127 1100 4178 redit.
1168 4129 1276 4177 Per
1306 4128 1443 4177 idem
1480 4135 1687 4190 tempus
1717 4125 1780 4173 Τ.
1818 4122 2082 4174 Otacilius
2123 4129 2320 4184 pretor
2354 4120 2515 4184 depo·

387 4216 599 4282 pnlatnr
633 4226 813 4276 agrum
849 4208 1346 4274 Carthaginiensem,
1382 4218 1437 4259 et
1468 4222 1536 4257 ex
1570 4207 1735 4257 classa
1771 4199 2131 4259 Hasdrubalis,
2168 4200 2399 4251 Africam
2434 4215 2516 4251 re·

385 4302 624 4365 petente,
646 4300 847 4358 septem
871 4291 1015 4356 capit
1048 4303 1220 4341 naves.
1289 4290 1553 4340 Bomilcar
1591 4302 1706 4339 cum
1740 4282 2168 4336 novis-militibus
2200 4282 2517 4346 Carthagine
