3025 4892
1097 379 1249 428 ms.
1294 376 1520 427 xxiv.
1567 378 1730 428 on.
1774 364 1883 430 45.
2400 366 2575 433 206⁷

373 524 526 610 quis
553 521 929 607 resipiscat,
959 527 1032 588 et
1060 522 1409 606 antiquam
1439 522 1834 590 societatem
1860 523 2204 608 respiciat.
2271 523 2475 605 Quod
2506 528 2568 594 si

371 626 558 691 abire
588 625 674 690 ab
703 623 1038 690 Romanis
1081 624 1308 702 liceat,
1346 624 1564 690 redire
1591 625 1679 691 ad
1708 645 1824 692 eos
1853 646 1989 692 non
2018 627 2264 710 liceat3
2307 629 2418 695 cui
2444 629 2572 695 du·

372 729 559 793 bium
588 746 770 805 esse,
803 726 963 809 quin
998 725 1183 791 brevi
1220 724 1487 791 deserta
1516 726 1605 791 ab
1634 728 1844 792 sociis
1875 726 2191 796 Romana
2217 748 2329 794 res
2354 730 2568 797 foede-

353 830 555 895 ‹ribus
589 827 871 893 Punicis
902 828 1130 893 omnia
1158 827 1230 892 in
1259 827 1467 893 Italia
1484 827 1728 912 juncta
1754 830 1983 896 visura
2011 832 2104 896 sit
2123 831 2154 895 ‘l
2234 831 2324 897 Se
2353 840 2570 898 tamen

371 953 503 998 nou
547 951 698 998 eum
745 950 915 1011 esse,
961 931 1082 1015 qui
1129 928 1386 997 Altinio
1432 930 1590 997 fidei
1620 933 1976 1018 quicquam
2018 940 2289 1001 censeat
2315 934 2570 1002 baben-

370 1035 556 1114 dum,
607 1033 726 1099 sed
779 1030 1071 1099 mediam
1121 1039 1640 1099 consecuturum
1659 1042 1683 1071 ⁰
1720 1034 1984 1100 consilii
2028 1037 2232 1101 viam.
2321 1037 2568 1122 Neque

369 1158 518 1203 eum
566 1156 692 1221 pro
748 1135 967 1214 hoste,
1021 1155 1239 1222 neque
1288 1155 1411 1220 pro
1462 1138 1655 1203 socio
1706 1139 1777 1203 in
1831 1140 2195 1222 praesentia
2238 1140 2565 1220 habitum,

367 1241 580 1306 libera
608 1240 919 1306 custodia
947 1239 1124 1306 haud
1160 1240 1395 1325 procul
1426 1260 1469 1306 a
1496 1242 1739 1306 castris
1770 1242 2037 1326 placere
2066 1242 2136 1307 in
2172 1243 2395 1327 aliqua
2427 1242 2566 1311 fida

366 1344 640 1410 civitate
669 1344 917 1411 servari
947 1363 1069 1429 per
1095 1344 1256 1409 belli
1285 1351 1582 1428 tempus:
1614 1351 1996 1430 perpetrato
2019 1346 2219 1425 bello,
2238 1355 2376 1410 tum
2408 1366 2566 1412 con-

365 1447 777 1527 sul-tandum,
810 1454 1023 1514 utrum
1055 1449 1347 1515 defectio
1378 1449 1556 1533 prior
1604 1449 1761 1533 plus
1800 1450 2040 1515 merita
2071 1451 2163 1514 sit
2190 1469 2441 1534 poenae,
2472 1471 2563 1516 an

363 1552 473 1617 bic
505 1551 760 1617 reditus
788 1552 1050 1618 veniee.’
1138 1551 1353 1616 Fabio
1392 1570 1743 1616 assensum
1786 1559 1928 1634 est;
1971 1552 2365 1637 catenisque
2395 1553 2566 1637 liga-

364 1652 525 1732 tus,‘¹
585 1654 870 1721 traditur
920 1663 993 1720 et
1040 1655 1188 1739 ipse
1237 1662 1310 1719 et
1358 1656 1677 1721 comites:
1722 1664 1795 1720 et
1844 1656 1991 1721 anri
2038 1656 2203 1720 satis
2251 1675 2562 1739 magnum

362 1756 652 1841 ponduS,
708 1757 894 1844 quod
955 1777 1189 1823 secum
1249 1764 1387 1823 tum
1448 1758 1779 1835 attulerat,
1841 1759 1905 1824 ei
1964 1758 2217 1824 servari
2270 1759 2562 1844 jussum.

359 1860 645 1927 Calibus
672 1882 825 1927 eum
856 1860 1149 1928 interdiu
1181 1862 1475 1928 solutum
1500 1860 1814 1928 custodes
1837 1863 2328 1947 sequebantur:
2360 1871 2563 1930 nocte

358 1964 658 2030 clausum
691 1967 1144 2031 asservabant.
1210 1964 1417 2050 Arpis
1447 1964 1634 2030 domi
1663 1967 1947 2050 primum
1980 1962 2346 2030 desiderari
2377 1986 2564 2050 quae-

357 2070 550 2154 rique
580 2078 688 2137 est
718 2077 1023 2156 coeptusz
1055 2071 1212 2137 dein
1241 2072 1442 2151 sama,
1471 2090 1596 2155 per
1626 2078 1839 2137 totam
1868 2071 2097 2135 urbem
2127 2068 2423 2153 vulgata,
2457 2079 2559 2136 tu-

356 2173 654 2252 multum,
682 2178 757 2239 ut
780 2174 1079 2259 principe
1111 2175 1388 2252 amisso,
1412 2173 1616 2239 fecit:
1648 2182 1964 2256 metuque
1993 2192 2207 2238 rerum
2238 2191 2559 2242 novarum

354 2275 697 2359 extemplo
747 2275 983 2341 nuntii·
1018 2275 1106 2341 ad
1160 2275 1662 2341 Hannibalem⁷
1709 2275 1921 2341 missi.
2010 2273 2282 2355 Quibus
2310 2295 2562 2361 nequa-

355 2397 552 2461 quam
581 2377 1228 2459 offensus·Poenus‚
1276 2380 1436 2463 quia
1490 2387 1563 2445 et
1613 2380 1862 2464 ipsum,
1915 2386 1996 2444 ut
2040 2379 2370 2462 ambiguae
2402 2379 2561 2444 fidei

353 2480 585 2556 virum,
608 2489 995 2566 suspectum
998 2480 1143 2567 jam
1169 2480 1429 2565 pridem
1447 2481 1844 2559 babebat,et
1865 2500 2139 2547 causam
2160 2488 2392 2547 nactus
2418 2485 2564 2547 erat

352 2589 485 2648 tam
529 2581 690 2648 ditis
730 2585 1015 2651 bominis
1047 2588 1226 2652 bona
1272 2585 1664 2669 possidendi
1699 2583 2199 2669 vendendique:
2260 2591 2554 2648 ceterum

351 2691 426 2750 ut
474 2687 594 2753 irae
642 2688 885 2772 magis,
934 2708 1135 2773 quam
1183 2690 1519 2767 avaritiae,
1564 2688 1792 2755 datum
1848 2687 2193 2752 crederent
2223 2685 2555 2763 homines,

349 2788 799 2856 crudelitatem
845 2810 1114 2876 quoque
1143 2792 1448 2875 gravitati
1480 2790 1739 2857 addidit
1767 2789 1832 2873 3⁸
1872 2789 2362 2873 conjugemque
2406 2787 2556 2872 ejus

1493 2955 1649 2978 ΝΜ

347 3061 394 3106 et
416 3072 508 3106 non
528 3056 786 3107 mititem
805 3058 1247 3108 documentum—⁷
1272 3059 1439 3108 Voces
1458 3059 1524 3108 ad
1547 3056 1867 3108 Hannibalem
1886 3054 2077 3105 absunt
2099 3051 2212 3103 fere
2232 3051 2301 3102 ab
2322 3049 2557 3102 omnibus

345 3123 576 3172 Mese-8
609 3124 625 3150 ‘
651 3122 995 3172 Crudelitatem
1028 3139 1205 3188 quoqne
1234 3123 1477 3187 gravitati
1508 3120 1824 3189 (severitati)
1854 3120 2042 3172 addidit
2063 3133 2093 3169 e
2114 3119 2220 3169 Ms.
2246 3118 2387 3167 Flor.
2411 3123 2466 3166 et
2487 3118 2555 3166 sl.

347 3200 442 3253 pro
466 3187 604 3251 vulg.
626 3187 899 3237 crudelitati
917 3204 963 3251 q.
983 3190 1276 3251 mitatem
1294 3205 1342 3240 a.
1379 3189 1558 3254 recepi
1590 3202 1709 3240 eum
1743 3189 1852 3239 Str.
1882 3186 1970 3252 qui
2010 3193 2183 3235 temen
2208 3191 2370 3255 *recte
2403 3182 2555 3232 simul

346 3251 564 3306 monuit.
589 3267 683 3315 pro
712 3253 969 3315 gravitati,
994 3269 1109 3319 qnae
1133 3255 1199 3304 ab
1220 3255 1273 3304 b.
1291 3256 1330 3305 1.
1355 3254 1525 3307 aliens
1549 3254 1636 3312 sit,
1664 3252 1810 3320 (cnm
1833 3251 1902 3302 de
1922 3250 2125 3301 duobus
2157 3249 2330 3314 potins
2356 3246 2555 3298 Hanni-

345 3317 475 3367 balis
501 3318 638 3367 vitiis
660 3317 730 3367 sit
754 3331 943 3379 sermo,
965 3318 1031 3368 de
1053 3320 1283 3383 avaritia,
1303 3334 1456 3386 quam
1486 3320 1654 3370 habita
1674 3317 1930 3382 qimam
1947 3318 2006 3365 ds
2026 3330 2141 3365 citro
2160 3319 2449 3377 meumque
2468 3314 2555 3361 do·

342 3385 410 3432 ¹¹⁸5
431 3383 616 3443 ’ἔω-’ἴθ’
639 3389 694 3432 et
716 3382 782 3432 de
804 3382 880 3433 ira
902 3396 990 3432 seu
1008 3384 1307 3448 erudelitate,
1324 3400 1478 3451 quam
1494 3384 1805 3434 comendo
1820 3383 1953 3449 visos
1969 3380 2157 3430 liberos
2173 3378 2549 3443 conjugemque

342 3447 530 3497 Aiiiuii
554 3446 971 3513 significi-varin)
993 3450 1265 3514 legendum
1287 3450 1536 3512 aviditati,
1553 3456 1643 3499 sut
1665 3461 1782 3498 cum
1798 3447 1962 3497 Gron.
1980 3444 2250 3507 rapacitati.
2285 3441 2550 3505 Suspicsri

342 3515 498 3562 etium
524 3513 686 3575 possis
706 3512 979 3575 cupiditati,
1013 3523 1068 3564 et
1097 3529 1294 3577 graveas
1318 3515 1398 3566 vel
1421 3515 1585 3575 semus
1620 3513 1701 3563 vel
1734 3509 2154 3562 maaianai.
2218 3508 2394 3557 Minus
2425 3513 2550 3569 epte

340 3579 466 3628 Em.
491 3577 623 3642 conj.
655 3578 928 3629 crudelitati
949 3595 997 3642 q.
1016 3581 1319 3643 pravitatem.
1387 3580 1634 3632 Ceterum
1659 3578 1876 3629 eandem
1899 3572 2260 3626 crudelitatem
2281 3572 2549 3623 Hannibs-

339 3642 402 3691 lis
425 3650 677 3693 memorat
700 3642 931 3709 Appiae.
968 3645 1019 3694 b.
1059 3644 1235 3695 Hann.
1256 3658 1420 3697 xxxr.
1442 3652 1497 3695 et
1522 3643 1664 3695 aliud
1697 3643 1812 3709 ejus
1848 3639 2146 3704 exemplum
2166 3652 2280 3703 cap·
2298 3641 2381 3690 44.
2401 3633 2550 3688 extr?

341 3708 549 3774 amre-

1340 3805 1559 3860 NOTAE

338 3901 423 3954 An
454 3903 606 3954 modo
637 3904 748 3961 bos,
790 3902 943 3954 modo
975 3904 1091 3954 illos
1113 3919 1219 3955 non
1242 3905 1399 3956 sdvo-
1544 3911 1570 3941 Φ
1601 3905 1916 3971 Nequaquam
1947 3897 2182 3967 effante]
2225 3895 2353 3947 Vult
2406 3893 2543 3945 bsud

336 3986 481 4034 cent,
520 3986 576 4029 et
615 3984 792 4043 partes
831 3979 1079 4029 mutent?
1114 3994 1179 4030 sn
1225 3982 1399 4047 potius
1480 3989 1698 4049 gravate
1741 3981 1794 4032 id
1849 3977 2121 4043 accepisse
2177 3971 2547 4044 Hannibalem,

336 4054 798 4121 scribendum,m
817 4057 1036 4107 vacillent
1052 4062 1075 4107 Ρ
1479 4076 1584 4113 non
1608 4073 1731 4112 sane
1754 4055 1892 4125 qnod
1916 4068 2029 4106 esm
2054 4049 2406 4103 defectionem
2430 4060 2549 4112 pro-

398 4141 422 4167 ·
456 4131 854 4197 Comensem]
908 4134 1263 4200 Conpositum
1303 4153 1398 4205 pro
1478 4139 1650 4197 beret,
1693 4136 1785 4188 sed
1827 4132 1965 4201 quod
2003 4129 2262 4182 Altinium
2300 4133 2546 4180 sinotum,

333 4209 554 4274 simplici
575 4215 859 4261 murm.
1480 4216 1696 4281 ejusque
1730 4212 1867 4265 bons
1911 4203 2190 4260 invadendi
2220 4201 2545 4256 occasionem

401 4284 426 4319 ἅ
461 4286 748 4352 earet-ioque
767 4285 972 4351 ligatus]
1003 4286 1249 4342 Altinius.
1481 4292 1580 4343 sibl
1602 4290 1783 4342 datam
1803 4289 2090 4340 intuetur.
