3025 4892
1425 398 1496 445 ‘l'-
1546 398 1737 447 mvn

794 561 910 623 que
936 543 1256 603 haberent.
1239 562 1258 577 ·
1299 542 1643 652 quibuscum
1684 541 1744 600 in
1786 539 2051 601 Siciliam
2074 538 2342 622 profecti,
2382 550 2698 622 postquam

797 640 1045 700 ibisatis
1067 649 1200 700 tuta
1237 640 1454 710 omnia,
1499 638 1764 718 nihilque
1801 637 1969 707 mali,
2016 645 2403 719 preterquam
2441 636 2648 717 quod
2629 656 2695 696 m

795 738 1208 818 expectatione
1221 746 1286 797 et
1301 746 1460 797 metu
1479 735 1692 806 fuerat,
1710 736 2079 816 reperioeent,
2100 732 2383 816 prandiis
2400 733 2501 792 ubi
2522 753 2697 793 max·

797 832 1501 915 imeopuseratrelictis,
1542 851 1681 892 cum
1710 841 1908 892 cetero
1946 832 2207 892 exercitu
2237 829 2698 911 protinmAfri-

795 949 928 991 cam
952 951 1154 991 versus
1174 930 1617 992 contenderunt.
1702 928 1825 989 Sed
1864 937 2212 1010 tempestate
2249 927 2565 987 Comum
2588 926 2699 986 de-

503 1029 691 1087 strabo
733 1030 770 1080 ¹·
797 1027 925 1101 lati,
954 1031 1133 1106 (inter
1157 1028 1429 1089 Africam
1457 1038 1521 1088 et
1540 1026 1831 1099 Siciliam,
1858 1047 1979 1107 qua
2006 1025 2335 1107 Lilybaeum
2362 1033 2699 1105 promonto-

469 1029 556 1208 ςμιφ

468 1029 773 1496 ..ἓξὲξ

514 1373 644 1438 onya

469 1517 644 1633 {onya

468 1517 644 1683 ,ῖέ

470 2107 612 2156 Oros.

465 2800 633 2849 Zonar.

463 3088 597 3139 Eutr.

464 3280 636 3346 Polyb.

468 3546 605 3597 Eutr.

466 3761 640 3829 Polyb.

548 1100 774 1162 apsu-

720 1125 1080 1226 ¹''riumesu
1100 1124 2144 1207 positaestinsula‚)vastausagris,
2169 1120 2697 1201 eturbeejmdem

720 1177 1046 1283 &nominis
1068 1234 1270 1306 capta,
1296 1222 1633 1305 praesidium
1658 1222 2077 1304 imposuerunt.

875 1327 975 1381 35.
1045 1320 1197 1381 Inde
1243 1319 1323 1381 ad
1377 1319 1728 1380 Hermaeum
1780 1319 2238 1401 promontorium
2290 1325 2697 1398 perrexerunt,

499 1438 690 1496 suffio,
736 1438 772 1487 ι,
795 1417 956 1498 quod
989 1417 1184 1478 medio
1222 1418 1373 1477 inter
1397 1416 1819 1497 Carfflaginem
1851 1427 1916 1477 et
1942 1415 2237 1497 Clupeam
2278 1415 2419 1484 situ,
2447 1412 2699 1474 alterum

511 1507 774 1568 ‘'ss-1³32·
798 1513 1299 1593 Carthaginiensis
1329 1513 1490 1574 sinus
1512 1534 1694 1574 cornu
1718 1512 1963 1575 clandit.
2032 1513 2129 1572 Eo
2154 1512 2287 1572 loco
2309 1531 2446 1571 cum
2473 1509 2697 1570 Poeno-

795 1629 922 1670 rum
948 1630 1128 1671 naves
1150 1611 1556 1682 occurrissent,
1584 1611 1822 1691 acrique
1846 1610 2166 1672 certamine
2190 1608 2339 1668 duas
2363 1609 2512 1667 inter
2540 1606 2697 1666 clas-

793 1727 886 1768 ses
928 1706 1325 1780 dimicaretur,
1366 1708 1595 1769 auxilio
1638 1727 1851 1770 venere
1889 1709 2010 1767 suis
2052 1727 2092 1767 a
2132 1705 2369 1787 Clupea
2408 1703 2699 1775 Romani,

795 1815 1268 1886 momentumque
1293 1806 1432 1878 hoc,
1472 1806 1712 1887 paribus
1750 1826 2007 1886 eousque
2046 1805 2239 1875 rebus,
2285 1801 2365 1863 ad
2390 1801 2699 1862 victoriam

649 1952 663 1967 .
688 1931 749 1968 n.
792 1901 923 1962 fuit.
1008 1902 1188 1963 Poeni
1214 1923 1395 1965 naves
1418 1910 1672 1983 quatuor
1696 1922 1876 1984 supra
1912 1910 2153 1962 centum
2191 1919 2563 1969 summersus,
2590 1898 2699 1958 tri-

794 2000 960 2079 ginta
1008 2009 1217 2081 captas
1260 2000 1339 2060 ab
1375 2000 1664 2070 hostibus,
1709 1997 1961 2059 militum
2004 1998 2083 2059 ad
2124 1995 2313 2057 millia
2359 1995 2697 2077 quindecim

794 2096 1127 2158 amiserunt.
1212 2096 1311 2157 Ex
1367 2095 1661 2157 Romanis
1705 2095 1866 2156 mille
1915 2105 2151 2156 centum
2191 2094 2415 2175 periere
2454 2091 2697 2162 milites,

791 2213 929 2254 cum
945 2193 1193 2254 navibus
1209 2214 1441 2255 novem.
1503 2191 1660 2253 Tum
1677 2191 1972 2273 Clupeam
1986 2197 2034 2233 ¹⁵
2058 2191 2324 2274 profecta
2340 2190 2563 2262 clasis,
2590 2209 2702 2275 exg

794 2277 1129 2374 positusque
1182 2291 1351 2351 miles
1388 2291 1574 2369 juxta
1617 2290 1805 2372 ipsam
1843 2290 2147 2350 civitatem
2186 2299 2383 2350 castra
2428 2287 2698 2348 munivit.

794 2388 1102 2449 Venerunt
1141 2387 1350 2448 eodem
1378 2387 1896 2467 Carthaginienses
1924 2388 2136 2468 copiae,
2176 2406 2325 2467 quas
2363 2384 2703 2445 Hannones

792 2485 916 2546 duo
934 2484 1252 2546 ducebant.
1323 2484 1428 2546 Ita
1456 2484 1709 2566 pedestri
1726 2505 1960 2565 qnoque
1986 2483 2190 2565 praelio
2205 2503 2297 2542 res
2320 2491 2507 2562 goeta,
2532 2480 2700 2542 dete·

797 2583 946 2643 riore
995 2583 1316 2644 Poenorum
1361 2581 1619 2653 fortuna,
1658 2583 1763 2663 qui
1803 2582 1901 2643 hic
1945 2601 2179 2662 quoque
2228 2580 2459 2641 circiter
2510 2577 2701 2638 millia

795 2678 1045 2740 militum
1073 2700 1282 2740 novem
1309 2679 1709 2761 perdiderunt.
1794 2679 1977 2760 capti
2000 2687 2137 2739 sunt
2161 2679 2311 2738 inter
2335 2677 2444 2737 hos
2468 2674 2705 2756 aliquot

795 2777 904 2836 viri
929 2776 1176 2848 nobiles,
1217 2778 1551 2858 sei-vatique¹
1594 2798 1633 2837 a
1673 2776 2031 2848 consulibuS,
2076 2784 2144 2836 ut
2183 2795 2286 2857 per
2309 2776 2417 2836 hos
2442 2772 2539 2834 Μ.
2566 2771 2698 2833 Re-

794 2874 987 2952 gulus,
1035 2884 1099 2935 et
1142 2875 1408 2954 quicum
1434 2895 1506 2934 eo
1548 2875 1797 2936 similem
1836 2894 2039 2936 casum
2082 2873 2403 2944 subierant,
2444 2869 2698 2932 redime-

793 2980 1010 3030 rentur.

876 3072 977 3126 36.
1023 3065 1438 3130 Deliberatum
1483 3068 1621 3129 inde
1661 3079 1753 3130 est
1794 3068 1870 3129 de
1902 3068 2322 3150 praesentibus:
2364 3086 2697 3147 magnaque

792 3183 927 3244 spes
970 3162 1164 3225 fuerat
1190 3165 1462 3227 Africam
1491 3167 1723 3227 retineri
1772 3186 1977 3247 posse:
2020 3174 2420 3226 verumtamen
2458 3164 2696 3244 regione

793 3280 1262 3341 quaquaversum
1289 3273 1543 3337 vastata,
1568 3285 1705 3326 cum
1731 3263 1917 3324 fames
1957 3265 2275 3334 timeretur,
2306 3260 2523 3321 abduci
2562 3259 2695 3321 Ro·

791 3377 998 3418 manos
1021 3359 1125 3439 qui
1153 3359 1445 3442 Clupeam
1466 3364 1642 3423 tutati
1667 3360 1922 3433 fuerant,
1942 3359 2325 3440 Siciliamque
2352 3359 2538 3441 repeti
2557 3359 2696 3440 pla-

790 3455 936 3515 cuit.
1020 3454 1261 3517 Avecta
1284 3466 1375 3518 est
1396 3478 1516 3519 una
1539 3461 1743 3538 ingens
1770 3458 1992 3539 prumia,
2020 3478 2200 3539 quam
2226 3457 2284 3516 in
2312 3457 2515 3516 urbem
2543 3455 2696 3516 clu-

794 3571 966 3632 peam
1023 3552 1117 3613 M.
1175 3553 1400 3635 Reguli
1451 3556 1624 3615 rebus
1675 3555 1870 3616 adhuc
1931 3554 2216 3637 prosperis
2264 3560 2695 3634 comportatum

793 3649 1054 3710 victoriae
1077 3661 1339 3714 recentes
1362 3652 1824 3714 cumulaverant.

874 3752 976 3811 37.
1020 3749 1386 3811 Perventum
1421 3758 1552 3810 erat
1590 3751 1651 3810 in
1691 3748 1956 3811 Siciliam
2002 3755 2133 3809 tuta
2174 3748 2573 3827 navigatione,
2602 3748 2692 3808 ni·

792 3843 1092 3927 miumque
1118 3846 1318 3907 felices
1343 3847 1591 3908 fuissent
1613 3846 1903 3917 consules,
1928 3846 1977 3905 si
2002 3844 2277 3906 felicitati
2298 3865 2422 3904 suae
2446 3844 2693 3905 modum

788 3941 1047 4003 statuere
1075 3943 1432 4005 didicissent.
1518 3943 1642 4004 Sed
1669 3945 1831 4025 quia,
1861 3942 2004 4003 dum
2029 3943 2089 4001 in
2119 3940 2363 4002 Italiam
2396 3942 2686 4001 revehun-

790 4045 908 4108 tur,
935 4038 1144 4100 eadem
1168 4060 1349 4122 opera
1373 4039 1657 4121 quasdam
1683 4041 1854 4100 urbes
1887 4038 2110 4100 Sicilire
2150 4038 2475 4099 maritimas
2510 4039 2689 4119 recipi

794 4153 962 4214 pom
990 4138 1300 4218 putabant,
1327 4138 1718 4219 nequicquam
1752 4137 2178 4198 obtestantibus
2213 4136 2453 4196 navium
2477 4136 2690 4216 guber·

1033 4312 1094 4357 15
1129 4306 1216 4358 Its
1236 4309 1392 4360 Crev.
1412 4323 1479 4360 ex
1500 4307 1657 4361 Oros.
1713 4307 1850 4361 Edd.
1873 4307 2073 4373 priores
2100 4306 2218 4360 m
2244 4307 2451 4359 Uticam.
