3025 4892
529 349 704 420 1766
1469 368 1540 419 τ.
1592 367 1789 417 L1v11

591 513 855 566 Hannibal
879 526 942 563 ex
967 512 1200 578 Hirpinis
1234 511 1286 564 in
1309 514 1590 572 Samnium,
1622 521 1696 574 et,
1722 514 1914 577 Capuae
1938 512 2201 578 potiuudae
2232 528 2327 579 spe
2359 513 2458 579 ipsi
2491 513 2650 573 facta,
2672 515 2725 566 lu

592 596 925 662 Campaniam
952 599 1138 646 transit
1164 612 1178 659 ;
1212 610 1242 646 a
1262 596 1393 647 duce
1419 606 1592 647 autem
1618 597 1733 660 viae,
1760 597 1960 646 Punic'a
1990 597 2253 647 nominum
2294 598 2719 662 pronuntiatione

591 680 836 744 decepto,
879 679 1165 729 Casilinum
1204 676 1430 737 ducitur,
1468 693 1570 729 non
1610 678 1663 728 in
1707 693 1884 743 agrum
1911 679 2228 740 Casinatem,
2266 693 2369 744 qno
2407 677 2722 729 contendere

591 769 864 820 statuerat,
903 767 961 809 ut
997 760 1071 810 ibi
1114 766 1401 824 occuparet
1437 760 1625 811 saltum
1671 767 1727 810 et
1755 761 1952 811 exitum
1992 760 2241 811 Romanis
2284 760 2349 809 ad
2390 775 2544 825 open
2576 761 2723 810 sociis

591 843 859 894 ferendam
878 842 1274 893 intercluderet.
1344 846 1423 893 ts.
1456 842 1708 893 Falernus
1727 858 1853 907 ager
1873 843 2274 908 colonorumque
2293 841 2557 893 Sinuessae
2588 849 2724 892 tecta

592 933 878 976 exuruntur
897 924 995 973 sub
1023 925 1183 974 oculis
1210 925 1427 974 militum
1450 923 1619 985 Fabii,
1644 939 1771 989 quos
1790 924 2038 976 seditiosa
2071 925 2191 975 hinc
2214 924 2449 976 oratioue
2483 924 2724 973 accendit

591 1006 871 1056 Minucius.
940 1009 1020 1056 15.
1055 1006 1301 1056 Dictator
1324 1005 1612 1055 obstinatus
1637 1013 1835 1070 perstat
1862 1007 1913 1055 in
1936 1007 2294 1068 cunctatione,
2308 1013 2364 1055 et
2380 1006 2441 1055 1..
2466 1004 2718 1055 Hostilius

590 1086 887 1149 Mancinus,
901 1085 1226 1150 exploratum
1250 1087 1434 1136 missus
1464 1101 1583 1135 cum
1602 1099 1692 1136 cn.
1713 1087 1991 1152 equitibus,
2004 1088 2242 1137 ardorem
2270 1086 2535 1152 pugnandi
2554 1097 2720 1136 morte

590 1167 703 1217 luit.
772 1169 851 1216 16.
886 1167 1153 1217 Hannibal
1177 1166 1396 1219 vallibus
1419 1167 1722 1230 includitur,
1744 1169 1826 1217 via
1849 1168 1914 1217 ad
1941 1169 2221 1218 Casilinum
2240 1168 2470 1231 obsessa,
2492 1168 2585 1217 sed
2609 1177 2723 1217 arte

589 1249 782 1310 evadit,
850 1252 926 1299 1⁷.
960 1249 1217 1299 frustrans
1249 1250 1526 1308 Romanos,
1564 1258 1873 1315 terrenaque
1910 1260 2124 1315 aspectu
2160 1250 2398 1315 flamme,
2444 1265 2513 1299 ex
2553 1250 2725 1313 bonnm

598 1330 837 1382 furenter
871 1330 1290 1390 discurrentium,
1332 1332 1572 1382 cornibus
1633 1333 1933 1383 relucentis.
2013 1337 2090 1383 18.
2134 1331 2544 1398 populabundus
2582 1333 2726 1383 Saru-

590 1415 749 1470 uium‚
790 1414 1035 1478 Pelignus
1078 1426 1131 1464 et
1167 1414 1407 1478 Apuliam
1445 1422 1711 1480 peragrat.
1778 1415 1968 1465 Fabius
2003 1430 2269 1465 sacrorum
2311 1429 2471 1465 causa
2511 1415 2725 1465 Romam

593 1494 966 1560 proficiscitur,
991 1497 1296 1560 praemonito
1319 1496 1569 1559 magistro
1593 1497 1846 1561 equitum,
1872 1512 1935 1546 ne
1952 1512 2068 1546 cum
2087 1498 2228 1547 hoste
2254 1495 2581 1560 confligeret.

531 1580 611 1626 1⁹.
647 1575 708 1627 In
732 1576 989 1641 Hispania
1010 1577 1104 1627 Cn.
1124 1577 1299 1641 Scipio
1321 1578 1371 1627 in
1389 1577 1584 1643 <fugam
1623 1579 1889 1628 convertit
1911 1579 2127 1629 classem
2165 1577 2531 1638 Hasdrubalis,
2571 1591 2725 1627 naves

591 1671 755 1722 prope
781 1666 970 1707 terram
1003 1660 1394 1724 exercitumque
1434 1660 1487 1710 in
1527 1660 1704 1711 littore
1740 1658 1998 1711 ducentis.
2042 1664 2126 1711 2⁰.
2146 1659 2303 1724 Capit
2338 1672 2470 1710 xxv.
2504 1659 2724 1712 bostium

590 1754 767 1802 naves,
802 1747 856 1789 et
893 1741 1206 1806 Honoscam,
1241 1742 1636 1807 Longunticam,
1671 1742 2010 1807 Ebusumque
2050 1744 2265 1792 insulam
2300 1740 2504 1805 diripit.
2572 1741 2728 1791 Multi

589 1820 856 1886 Hispaniae
882 1822 1055 1887 populi
1091 1823 1289 1888 legatos
1313 1825 1528 1876 mittunt
1552 1839 1732 1891 pacem
1773 1833 2032 1890 petentes,
2055 1833 2112 1875 et
2133 1825 2349 1889 amplius
2379 1837 2516 1874 cxx.
2549 1824 2727 1873 civita·

589 1911 670 1952 tes
691 1917 747 1952 se
772 1902 1017 1953 Romanis
1041 1904 1260 1955 dedunt.
1329 1905 1630 1957 Hasdrubal
1669 1908 1721 1957 iu
1755 1907 2076 1957 Lusitaniam
2115 1920 2177 1955 ac
2218 1905 2430 1970 propius
2454 1904 2723 1955 Oceanum

587 1983 845 2038 concedit.
911 1990 992 2035 21.
1028 1986 1341 2037 Mandonius
1365 1988 1732 2054 Indibilisque,
1770 1987 1959 2039 fratres
1992 1995 2049 2038 et
2081 1988 2242 2051 reguli
2266 1988 2579 2051 Ilergetum,
2611 1984 2723 2035 fun·

589 2066 781 2116 duntur
813 2082 842 2116 a
877 2067 1147 2130 Scipione,
1178 2078 1235 2118 et
1256 2068 1575 2134 Hasdrubal,
1615 2071 1704 2135 qui
1741 2069 1817 2120 cis
1836 2068 2046 2119 Iberum
2066 2067 2131 2117 ad
2159 2068 2325 2117 socios
2362 2067 2610 2116 tutandos
2646 2080 2721 2115 re·

587 2147 757 2197 dierat
782 2148 878 2214 bis,
903 2163 933 2197 a
956 2148 1253 2200 Celtiebris.
1296 2153 1380 2199 22.
1405 2149 1468 2202 P.
1496 2151 1676 2215 Scipio
1698 2151 1852 2201 Proc.
1874 2150 1925 2199 in
1942 2149 2246 2213 Hispaniam
2270 2148 2469 2207 missua,
2491 2146 2645 2198 fratri
2666 2162 2723 2197 se

588 2229 873 2294 conjungit,
893 2238 947 2280 et
969 2244 1084 2280 cnm
1110 2245 1175 2280 eo
1212 2229 1423 2280 Iberum
1446 2239 1799 2296 transgressus
1824 2230 1956 2295 petit
1978 2230 2284 2292 Saguntum,
2308 2228 2392 2279 ubi
2417 2228 2627 2278 obsides
2650 2237 2721 2278 to-

588 2311 690 2359 tins
716 2309 1004 2376 Hispaniae,
1029 2311 1207 2361 Ptenis
1232 2310 1360 2368 dati,
1387 2327 1416 2361 a
1449 2312 1674 2362 Bostare
1707 2311 2146 2362 custodiebantur.
2214 2310 2287 2359 Hi
2312 2317 2426 2359 arte
2461 2310 2722 2371 Abelucis‚

587 2391 772 2443 nobilis
797 2391 1040 2457 Hispani,
1061 2394 1113 2444 in
1136 2402 1305 2443 eastra
1328 2394 1689 2458 perducuntur
1717 2393 2038 2457 Scipionum,
2059 2400 2114 2442 et
2136 2392 2201 2441 ab
2217 2389 2296 2442 liis
2321 2391 2655 2442 remittuntur
2672 2393 2720 2441 iu

587 2472 827 2523 civitates
846 2489 982 2538 suas,
1019 2490 1152 2540 qim,
1173 2476 1262 2525 tali
1283 2476 1539 2526 beneficio
1561 2477 1849 2538 obstrictae,
1868 2490 1987 2525 mox
2009 2489 2184 2525 omnes
2209 2490 2237 2524 a
2261 2474 2440 2524 Poenis
2459 2473 2720 2524 deficiunt.

517 2557 601 2604 2³.
634 2555 806 2606 Solers
831 2556 975 2606 Fabii
999 2557 1268 2607 cunctatio
1291 2557 1435 2620 angit
1459 2557 1826 2614 Hannibalern,
1849 2564 1906 2607 et
1928 2555 2206 2606 damnatur
2227 2570 2257 2604 a
2290 2555 2507 2606 civibus.
2575 2555 2716 2621 Ager

584 2639 718 2702 ejus,
742 2641 976 2690 omnibus
999 2642 1140 2692 circa
1160 2642 1269 2691 solo
1293 2642 1529 2706 oeqnatis,
1552 2655 1652 2690 non
1679 2640 1903 2691 violatur
1933 2640 2000 2690 ab
2021 2641 2191 2703 hoste,
2213 2647 2269 2688 nt
2289 2639 2482 2690 occulti
2505 2638 2720 2703 alicujus

585 2722 726 2784 pacti
763 2735 824 2771 ea
861 2736 1056 2772 merces
1095 2723 1261 2772 videri
1295 2724 1476 2787 possit,
1519 2721 1610 2772 sed
1638 2729 1755 2773 mox
1797 2737 1827 2771 a
1855 2723 2112 2773 dictatore
2135 2722 2397 2787 venditur,
2422 2731 2478 2770 ut
2505 2721 2724 2784 pecunia

583 2801 705 2852 inde
727 2803 941 2854 redacta
962 2804 1199 2869 captivos
1227 2804 1468 2855 redimat.
1516 2808 1599 2854 24.
1623 2805 1701 2854 Eo
1721 2805 1939 2855 absente
1961 2805 2222 2855 Minucius
2244 2804 2364 2853 laeto
2388 2805 2549 2866 magis
2574 2817 2723 2868 qna-

585 2898 832 2947 prospero
856 2895 1046 2936 eventu
1072 2901 1186 2935 eum
1211 2887 1454 2936 hostibus
1478 2894 1694 2950 pugnat.
1762 2890 1846 2936 2³.
1884 2886 1967 2936 Ita
2005 2893 2227 2950 angetur
2249 2884 2445 2934 invidia
2470 2884 2643 2946 Fabii,
2672 2893 2727 2935 et

582 2965 659 3014 Μ.
682 2966 916 3016 Metilius
941 2966 1176 3017 tribunus
1216 2968 1381 3032 plebis
1422 2970 1739 3032 rogationem
1779 2970 2076 3033 promulgat
2116 2967 2182 3017 de
2217 2967 2472 3032 equando
2496 2966 2729 3031 magistri

585 3048 817 3111 equitum
840 3057 897 3097 et
919 3048 1194 3098 dictatoris
1209 3049 1350 3112 jure.
1417 3050 1599 3099 Pridie
1624 3065 1775 3115 qnam
1819 3050 1926 3114 ejus
1964 3049 2201 3100 ferenda}
2219 3048 2332 3098 dies
2356 3049 2523 3110 adest,
2540 3047 2728 3098 Fabius

581 3136 738 3176 nocte
758 3128 821 3177 ad
846 3130 1134 3179 exercitum
1157 3130 1286 3192 abit,
1323 3139 1501 3181 creato
1535 3138 1657 3182 ante
1679 3132 1890 3182 consule
1916 3132 1991 3180 Μ.
2013 3131 2179 3181 Atilio
2216 3130 2441 3194 Regulo.
2504 3133 2591 3179 26.
2625 3130 2726 3180 Bo·

579 3209 723 3270 natio
742 3208 830 3258 illa
854 3209 1136 3274 perfertur,
1181 3211 1432 3263 suadente
1456 3213 1516 3263 C.
1537 3213 1783 3263 Terentio
1806 3212 2060 3276 Varrone,
2097 3214 2207 3261 viro
2230 3212 2409 3261 humili
2447 3212 2565 3261 loeo
2588 3219 2721 3268 orto,

582 3291 671 3358 qui
697 3291 1057 3354 proclamando
1093 3308 1190 3358 pro
1212 3294 1432 3345 sordidis
1466 3294 1757 3345 hominibus
1789 3293 2021 3344 favorem
2060 3301 2366 3357 captaverat
2400 3294 2725 3357 popularem,

577 3382 635 3424 et
667 3374 733 3423 ad
761 3388 971 3437 magnos
998 3375 1107 3439 jam
1145 3375 1362 3426 honores
1396 3382 1732 3440 pervenerat.
1798 3378 1880 3425 27.
1917 3373 2196 3424 Exercitus
2233 3373 2372 3422 inter
2415 3372 2629 3422 Fabium
2667 3379 2722 3421 et

582 3455 868 3504 Minucium
894 3456 1213 3508 dividuntur.
1276 3462 1359 3508 28.
1398 3458 1661 3507 Minucius
1685 3471 1804 3506 mox
1827 3457 1878 3507 in
1906 3455 2074 3506 aciem
2110 3455 2399 3517 descendit,
2422 3461 2479 3504 et
2499 3453 2722 3515 laborat,

579 3535 968 3586 insidiatoribus
990 3538 1042 3587 in
1066 3538 1235 3588 latera
1253 3547 1412 3601 atque
1437 3540 1502 3589 ab
1543 3548 1693 3604 tergo
1731 3537 2135 3589 incursantibus.
2200 3541 2283 3587 29.
2322 3537 2545 3586 Fabiana
2584 3536 2724 3586 acies

580 3626 825 3682 repente,
851 3619 994 3668 velut
1016 3620 1147 3669 coelo
1166 3620 1405 3677 demissa,
1430 3620 1623 3670 auxilio
1643 3620 1802 3682 venit,
1827 3621 2122 3684 Poenusque
2156 3616 2298 3667 canit
2322 3616 2579 3679 receptui.
2644 3620 2730 3665 30.

580 3700 846 3750 Minucius
870 3708 1042 3751 castra
1064 3715 1180 3751 cum
1209 3701 1369 3751 Fabio
1382 3700 1582 3766 jungit,
1609 3709 1884 3767 rogatque,
1907 3707 1967 3750 nt
1989 3699 2341 3764 magisterium
2366 3698 2464 3747 sibi
2489 3699 2721 3761 equitatu

579 3780 849 3831 reddatur.
900 3782 1143 3833 Dictator
1163 3781 1360 3832 Parens
1377 3796 1437 3832 ac
1458 3781 1650 3833 milites
1674 3782 1788 3846 ejus
1810 3783 2027 3833 Patroni
2046 3780 2367 3833 salutanturt
2403 3787 2459 3829 et
2481 3793 2616 3829 nunc
2636 3779 2723 3829 ille

581 3875 675 3926 par
704 3862 867 3925 gloria
892 3871 974 3913 est
996 3863 1134 3928 apud
1159 3863 1300 3913 cives
1324 3863 1623 3929 hostesque.
2298 3847 2303 3856 ’

519 3946 601 3992 at.
636 3941 733 3992 Cn.
768 3944 1018 3993 Servilius
1041 3946 1292 3996 Geminus
1315 3960 1420 3997 cos.
1447 3946 1584 3995 male
1607 3960 1714 3996 rem
1733 3947 1873 4011 gerit
1896 3947 1947 3995 in
1973 3944 2170 4009 Africa,
2192 3951 2247 3995 et
2272 3944 2324 3992 in
2347 3943 2551 3993 Italiam
2578 3943 2723 4008 traji-

581 4026 676 4082 cit,
697 4026 893 4074 accitus
917 4026 1082 4076 literis
1107 4028 1270 4083 Fabii,
1295 4028 1381 4090 qui
1404 4028 1503 4091 ipsi
1529 4036 1584 4078 et
1605 4029 1819 4092 collegae
1839 4029 1970 4093 ejus,
1994 4028 2072 4077 M.
2094 4027 2259 4077 Atilio
2288 4023 2502 4088 Regulo,
2521 4025 2725 4074 exerci-

582 4114 693 4155 tum
719 4119 885 4165 sunm,
909 4105 1038 4156 duas
1062 4108 1271 4171 utrique
1313 4110 1561 4169 legiones,
1586 4110 1766 4159 tradit.
1832 4113 1915 4159 32.
1951 4109 2199 4159 Consules
2238 4105 2437 4156 artibus
2477 4105 2725 4157 Fabianis

582 4200 700 4237 cum
722 4200 917 4235 summa
944 4189 1078 4236 inter
1101 4203 1158 4238 se
1196 4188 1474 4237 concordia
1510 4188 1701 4239 bellum
1726 4198 1931 4254 gerunt,
1970 4198 2027 4238 et
2063 4186 2327 4238 Hannibal
2362 4187 2538 4249 inopia
2576 4202 2727 4251 paeue

582 4267 787 4331 cogitur
804 4265 1024 4316 Galliam
1047 4277 1303 4331 repetere.
1375 4269 1712 4332 Neapolitani
1747 4271 1949 4336 legatos
1992 4269 2208 4320 Romam
2248 4268 2458 4322 mittunt
2491 4282 2613 4318 cum
2636 4281 2725 4318 ιι..
