3025 4892
857 421 1065 472 usar
1115 374 1274 471 xx(
1302 420 1956 476 supensmssmun.
2341 408 2515 478 162?

288 567 364 629 C.
391 565 684 649 Papirius
708 565 784 628 C.
812 563 886 627 1³.
915 567 986 628 L.
1014 567 1105 629 N.
1135 569 1334 640 Maso,
1357 588 1499 629 cum
1541 569 1945 648 magistratum
1989 570 2189 632 inivis-

285 673 461 739 seut,‘
499 665 835 747 provincias
877 664 969 727 M.
997 665 1371 749 Pomponius
1397 665 1760 740 Sardiniam,
1805 667 1879 729 C.
1911 667 2195 750 Papirius

282 762 598 824 Corsicam
622 762 949 824 obtinuere.
1024 761 1363 846 Utrobique
1389 764 1568 827 cessit
1590 765 1795 837 bostis,
1822 774 1884 825 ct
1908 765 1968 825 in
1993 765 2194 846 sylvas

285 869 633 941 montesque
674 858 889 920 arduos
921 859 1236 940 refugiens,
1264 862 1530 923 locorum
1555 862 1752 942 potius
1781 882 1966 943 quam
1991 882 2198 923 armo·—

286 977 421 1017 rum
451 957 883 1018 munitionibus
921 978 983 1017 se
1009 966 1234 1019 tutatus
1265 968 1374 1019 est.
1458 956 1630 1037 Ergo
1664 958 1758 1019 M.
1797 958 2191 1041 Pomponius,

278 1074 425 1115 cum
449 1054 804 1118 laboriosius
827 1075 952 1116 esse
977 1054 1208 1117 videret
1230 1057 1493 1117 invenire
1520 1056 1826 1131 barbaros,
1855 1077 2036 1139 quam
2061 1058 2193 1118 vis-

278 1170 445 1224 cere,
469 1171 652 1213 canes
676 1172 919 1232 sagaces
942 1173 1019 1213 ex
1048 1152 1238 1215 Italis
1259 1155 1494 1216 curavit
1520 1153 1918 1226 advehendas,
1945 1173 2193 1235 quorum

284 1247 515 1311 indicio
554 1249 825 1310 homines
860 1269 1021 1311 more
1060 1249 1321 1311 ferarum
1358 1251 1419 1311 in
1450 1250 1754 1312 cubilibus
1783 1252 1906 1311 suis
1945 1251 2197 1312 latentes

276 1344 776 1427 deprehenderet.
872 1346 951 1406 O.
994 1345 1283 1428 Papirius
1326 1347 1547 1409 Corsos
1595 1348 1822 1430 campis
1870 1346 2071 1430 pulsos
2117 1346 2196 1409 ad

281 1451 572 1503 montana
594 1443 732 1504 loca
755 1452 992 1504 secutus
1014 1453 1123 1505 est.
1208 1443 1311 1506 Ibi
1342 1444 1512 1506 labor
1539 1446 1746 1525 ingens
1767 1465 1904 1506 cum
1930 1444 2202 1526 periculo

282 1538 437 1601 fuit:
481 1539 775 1622 multique
795 1540 1050 1601 militum
1072 1542 1193 1612 siti,
1215 1552 1321 1604 aut
1337 1542 1535 1603 subito
1553 1542 1939 1603 barbarorum
1959 1543 2198 1602 incursu

282 1638 554 1718 periere:
601 1637 792 1698 donec
833 1638 1089 1699 inventis
1115 1640 1287 1720 aquis
1317 1638 1656 1721 refectoque
1689 1640 1957 1700 exercitu
1997 1637 2196 1709 corsi,

283 1733 362 1795 de
402 1736 576 1796 exitu
618 1735 705 1796 rei
732 1734 1025 1807 timentes,
1051 1736 1282 1798 consuli
1313 1735 1393 1797 ad
1419 1735 1782 1798 deditionem
1805 1735 2065 1797 hortanti
2091 1754 2195 1817 pa»

283 1841 554 1892 ruerunt.

366 1934 444 1990 21
462 1972 480 1990 .
529 1928 693 1990 Dum
733 1928 826 1990 his
863 1929 1041 1990 rebus
1085 1928 1358 2010 gerendis
1402 1931 1730 1992 attinentur
1772 1929 2062 2000 consules,
2095 1948 2198 1990 co·

288 2026 463 2086 mitis
508 2045 614 2107 per
652 2025 1005 2087 dictatorem
1049 2026 1129 2088 sd
1173 2027 1287 2089 hoc
1325 2036 1592 2091 creamm
1633 2036 1773 2088 sunt
1814 2027 2038 2087 habita.
2123 2025 2198 2086 Ο.
2224 2046 2519 2112 Panticnpit.

292 2120 541 2183 Duilius
573 2122 693 2184 fuit
717 2123 811 2183 M.
841 2122 914 2183 Ρ.
947 2123 1040 2183 M.
1069 2122 1162 2184 N.
1191 2125 1243 2185 is
1276 2124 1622 2205 magistrum
1646 2125 1913 2206 equitum
1937 2122 2097 2184 dixit
2121 2121 2198 2183 C.

290 2217 614 2282 Aurelium
636 2219 706 2280 L.
732 2220 803 2281 F.
829 2220 907 2281 C.
934 2219 1025 2281 N.
1047 2219 1312 2283 Cottam.
1370 2221 1663 2283 Censores
1679 2221 1860 2282 etiam
1885 2230 2012 2281 tum
2033 2218 2201 2280 fuere

156 2366 169 2376 .
290 2313 365 2378 Τ.
405 2315 678 2396 Manlius
716 2315 791 2376 T.
831 2317 904 2378 F.
940 2317 1016 2377 T.
1060 2316 1151 2379 N.
1192 2316 1554 2401 ‘rom-atu..
1594 2318 1679 2386 Q.
1718 2315 1969 2378 Fulvius
2003 2315 2098 2376 M.
2128 2314 2202 2376 F.

294 2412 379 2480 Q.
408 2411 502 2474 N.
530 2413 821 2477 Flaccus:
863 2414 968 2475 sed
1002 2416 1151 2477 vitio
1185 2414 1330 2479 facti
1367 2414 1744 2476 abdicarunt.
1827 2411 1998 2474 Novi
2025 2413 2206 2473 moris

293 2510 582 2590 originem
625 2511 768 2573 huic
813 2531 970 2573 anno
1007 2513 1321 2596 scriptores
1366 2512 1688 2592 assignant,
1736 2530 1852 2570 uon
1897 2508 2202 2588 indignam

295 2625 429 2687 quae
448 2607 754 2668 referatur.
824 2607 1170 2670 Divortium
1195 2609 1274 2670 ab
1300 2610 1446 2671 urbe
1472 2607 1718 2672 condita
1734 2598 1960 2669 nullam
1988 2604 2202 2665 fuer-at.
2246 2622 2531 2674 Plut.Num.

296 2701 544 2766 Primus
579 2703 686 2787 Sp.
715 2704 1018 2766 Carvilius
1041 2705 1229 2786 Ruga
1260 2705 1521 2768 sterilem
1552 2723 1799 2766 uxorem
1835 2701 2081 2774 dimisit,
2096 2702 2202 2780 ju·
2226 2692 2499 2803 ‘feben-

296 2801 613 2880 rejurando
652 2821 692 2862 a
724 2804 1065 2864 censoribus
1081 2804 1420 2875 obstrictus,
1447 2811 1469 2841 ⁸
1489 2822 1553 2862 se
1579 2799 1899 2862 liberorum
1933 2818 2202 2880 quoeren·
2229 2789 2374 2870 nst.

296 2894 507 2958 dorum
546 2919 727 2960 causa
764 2900 1077 2979 conjugem
1121 2899 1502 2961 habiturum!
1607 2897 1940 2979 Displicuit
1981 2895 2206 2979 populo
2262 2907 2374 2959 Vel.
2398 2907 2534 2956 Max.

296 3014 410 3056 non
437 2998 628 3077 magis
653 3000 906 3069 novitas,
926 3017 1108 3080 quam
1133 2999 1414 3060 atrocitas
1435 2997 1547 3072 rei,
1568 2994 1728 3079 quod
1755 2994 1835 3056 ad
1857 3003 2205 3076 perpetuam
2231 2989 2294 3025 ¹¹·
2320 2978 2367 3024 ¹·
2388 2978 2440 3024 ⁴·

296 3093 437 3153 vitae
477 3096 820 3156 societatem
851 3098 1099 3176 junctas
1140 3116 1354 3158 uxores
1379 3114 1756 3176 quacumque
1796 3091 1872 3153 de
1898 3111 2078 3153 causa
2111 3110 2204 3151 re-

296 3189 536 3269 pudiari
576 3211 799 3253 saevum
844 3200 906 3252 et
950 3192 1219 3274 iniquum
1263 3193 1556 3275 putabat:
1608 3198 1673 3250 et
1716 3188 1825 3270 Sp.
1870 3187 2204 3248 Carvilium

296 3306 527 3368 semper
567 3287 849 3371 deinceps
888 3287 1028 3349 odio
1065 3289 1295 3361 habuit,
1335 3306 1680 3370 quanquam
1715 3285 2062 3348 necessitate
2101 3303 2203 3342 co·
2262 3300 2535 3367 Dionymx.

299 3394 490 3455 actus,
529 3383 606 3444 de
652 3386 975 3447 amicorum
1013 3387 1331 3459 sententia,
1363 3403 1612 3446 uxorem
1651 3386 1805 3445 bene
1847 3379 2202 3443 convenien-
2229 3371 2330 3480 ²34·-
2363 3430 2496 3480 Gen.

299 3487 441 3552 tem,
496 3500 842 3563 morumque
892 3482 1084 3562 gratia
1132 3483 1496 3543 carissimam
1547 3479 1869 3540 dimiserat.
1979 3475 2077 3536 Ex
2135 3494 2207 3535 eo
2233 3510 2370 3544 xm.
2392 3499 2477 3546 21.

300 3585 566 3660 tempore
591 3579 728 3661 plus
760 3580 976 3659 injure
1002 3599 1285 3652 nexuum,
1312 3578 1448 3661 plus
1473 3574 1635 3659 apud
1662 3583 1972 3658 proetorem
2011 3573 2205 3632 litium
2235 3560 2502 3675 rss'speu'

301 3671 438 3745 fuit,
483 3683 611 3735 tum
654 3676 908 3757 primum
948 3677 1325 3737 cautionibus
1368 3675 1453 3735 rei
1495 3673 1723 3733 uxoriae
1757 3671 2024 3751 repertis,
2060 3689 2207 3749 qua-

304 3789 455 3844 rum,
492 3771 677 3831 nullis
715 3781 892 3832 antea
933 3771 1226 3845 divortiis,
1262 3788 1704 3854 supervacanea
1737 3768 1931 3828 fuerat
1967 3765 2208 3826 callidi·

306 3873 413 3926 tas.

384 3968 487 4024 22.
531 3962 762 4024 Eodem
789 3984 946 4025 anno
970 3963 1093 4025 alia
1116 3982 1354 4045 quoque
1374 3982 1530 4023 nova
1555 3960 1918 4024 cousuetudo
1945 3961 2003 4021 in
2025 3958 2208 4019 hono·
2240 3968 2536 4037 E'suicspir.

310 4060 468 4122 ribus
506 4064 925 4145 imperatorum
959 4063 1156 4143 coepit.
1241 4061 1371 4122 Sub
1409 4059 1590 4122 finem
1623 4059 1966 4122 consulatus
2003 4060 2093 4118 sui
2134 4057 2208 4117 O.

314 4154 597 4242 Papirius
620 4158 697 4220 de
725 4157 927 4221 Corsis
960 4161 1022 4219 in
1049 4168 1247 4220 monte
1275 4157 1526 4220 Albano
1547 4157 1979 4238 tiriumphavit,
2009 4154 2094 4215 A.
2126 4153 2218 4218 D..

1022 4323 1043 4348 ‘
1074 4312 1140 4366 A.
1164 4314 1231 4364 U·
1249 4314 1309 4365 C.
1332 4317 1447 4365 521.
1483 4312 1549 4364 A.
1571 4311 1632 4362 C.
1659 4315 1778 4364 8⁸1.
