3025 4892
2321 335 2511 416 1879‘

297 513 422 576 aut
450 525 583 573 non
612 506 909 574 invidere
941 528 1087 588 eoa,
1111 527 1266 575 cum
1293 511 1759 589 incolumitati,
1786 514 1921 574 tum
1960 508 2190 592 gloriae
2222 509 2490 575 illorum

296 631 420 695 per
449 612 753 676 virtutem
783 618 1020 695 partae,
1050 632 1206 677 cnm
1235 613 1365 678 sibi
1395 616 1699 679 timorem
1725 613 2189 696 ignaviamque
2214 613 2489 678 servitu·

297 713 389 777 tis
418 712 877 795 ignominiosae
909 733 1184 779 causam
1217 734 1368 779 esse
1400 715 1645 781 sciant.
1736 715 2124 780 Maluerunt
2166 715 2236 779 in
2277 720 2491 780 tento-

297 812 418 878 riis
447 812 735 878 latentes
775 814 971 879 simul
1001 814 1218 880 lucem
1251 821 1458 900 atque
1490 817 1751 882 hostem
1788 823 2174 901 expectare,
2220 836 2373 882 cnm
2404 819 2497 881 si·-

297 916 510 982 lentio
536 916 758 981 noctis
788 917 1172 1002 erumpendi
1198 918 1476 984 occasio
1504 925 1702 984 esset.
1763 919 1861 984 At
1891 920 2066 984 enim
2088 928 2136 957 ¹¹
2170 919 2256 984 ad
2285 938 2498 984 erum·

296 1018 587 1104 pendam
621 1039 659 1084 e
691 1021 930 1085 castris
959 1017 1172 1086 defuit
1200 1020 1503 1104 animus;
1547 1020 1632 1085 ad
1671 1022 1945 1087 tutanda
1975 1022 2241 1087 sortiter
2271 1030 2496 1086 castra

296 1123 588 1186 animum
618 1120 1006 1186 habuerunt.
1094 1120 1269 1187 Dies
1305 1129 1674 1207 noctesque
1721 1124 1984 1208 aliquot
2032 1123 2318 1201 obsessi,
2352 1123 2498 1188 val·

293 1222 433 1287 lum
482 1222 729 1302 armis}
757 1243 832 1288 se
865 1223 1000 1306 ipsi
1022 1228 1072 1261 ¹²
1104 1226 1299 1289 tutati
1330 1224 1510 1291 vallo
1542 1230 1736 1290 sunt:
1784 1226 2048 1289 tandem
2094 1225 2320 1289 ultima
2351 1225 2497 1288 ausi

294 1325 647 1408 passique,
677 1345 829 1389 cum
858 1326 1089 1390 omnia
1132 1325 1436 1390 subsidia
1465 1326 1625 1391 vitae
1658 1328 2056 1406 abessent,¹³
2102 1326 2492 1409 affectisque

291 1427 475 1491 same
505 1428 780 1505 viribuS,
810 1446 994 1493 arma
1032 1427 1175 1512 jam
1210 1429 1536 1494 sustinere
1563 1430 1941 1513 nequirent,
1974 1428 2495 1493 necessitatibus

291 1530 511 1611 magis
551 1528 882 1607 humanis,
924 1548 1126 1614 quam
1159 1531 1384 1608 armis,
1413 1530 1577 1595 victi
1630 1538 1808 1596 sunt.
1900 1531 2069 1595 Orto
2100 1530 2241 1595 sole
2280 1529 2497 1593 bostis

292 1629 382 1698 ad
411 1631 665 1696 vallum
695 1631 1013 1697 accessit:
1048 1639 1207 1696 ante
1239 1631 1598 1697 secundam
1619 1633 1874 1711 horam,
1895 1634 2146 1698 nullam
2171 1632 2494 1698 fortunam

290 1733 687 1799 certaminis
736 1735 1020 1818 experti,
1065 1733 1471 1800 tradiderunt
1530 1751 1725 1800 arma·
1771 1755 1853 1801 ac
1898 1754 1972 1801 se
2015 1736 2229 1820 ipsos.
2318 1735 2497 1799 Haec

291 1836 496 1901 vobis
523 1837 834 1920 ipsorum
868 1856 986 1920 per
1022 1835 1298 1901 biduum
1328 1837 1571 1902 militia
1601 1838 1748 1903 fuit.
1835 1839 2006 1904 Cum
2038 1839 2106 1902 in
2138 1839 2284 1903 acie
2314 1846 2496 1902 stare

1027 364 1174 412 un.
1217 363 1435 415 xxn.
1480 366 1646 414 cap.
1688 348 1796 414 60.

291 1956 380 2002 ac
414 1956 710 2021 pugnare
751 1938 1090 2017 decuerat,
1136 1945 1273 2004 tum
1319 1940 1390 2003 iu
1440 1944 1658 2005 castra
1708 1941 2134 2023 refugerunt:
2180 1960 2328 2005 cum
2377 1957 2500 2023 pro

291 2040 483 2104 vallo
536 2041 968 2123 pugnandum
1021 2048 1189 2119 erat,
1238 2049 1463 2106 castra
1513 2041 1943 2119 tradiderunt,
1995 2063 2214 2127 neque
2246 2045 2311 2105 in
2345 2042 2497 2106 acie

287 2161 509 2225 neque
559 2143 626 2206 in
673 2143 915 2208 castris
961 2144 1185 2209 utiles.
1274 2142 1424 2209 Vos
1468 2143 1785 2209 redimam
1810 2146 1842 2207 ‘i
1931 2143 2101 2209 Cum
2149 2163 2497 2227 erumpere

290 2247 543 2311 castris
593 2254 876 2331 oportet,
924 2247 1319 2312 cunctamini
1350 2267 1432 2312 ac
1465 2249 1786 2312 manetis=
1828 2267 1977 2313 cum
2010 2268 2297 2320 manere,
2348 2266 2502 2312 cas·

290 2353 398 2413 tra
419 2352 474 2394 ¹4
501 2350 701 2414 tutari
734 2350 936 2414 armis
967 2367 1243 2413 necesse
1272 2356 1423 2429 est;
1464 2353 1533 2413 et
1561 2350 1780 2414 castra
1832 2357 1900 2414 et
1942 2368 2127 2413 arma
2155 2355 2221 2413 et
2250 2367 2371 2412 vos
2402 2349 2502 2432 ip—

291 2468 414 2518 sos
461 2450 721 2515 traditis
769 2452 967 2516 hosti.
1056 2450 1202 2534 Ego
1233 2470 1368 2514 non
1414 2452 1630 2534 magis
1678 2452 1850 2516 istos
1890 2450 2332 2527 redimendoS,
2367 2449 2502 2514 Pa·

1215 2628 1483 2651 0000000οδ
1487 2630 1577 2653 000

301 2744 490 2795 eadem
522 2747 802 2799 anunente?
832 2746 1021 2797 Stroth.
1023 2751 1149 2797 —n
1185 2747 1256 2797 Τὰ
1293 2748 1362 2797 At
1383 2747 1508 2798 enim
1532 2761 1631 2798 nec
1665 2747 1786 2797 Put.
1810 2761 1908 2797 nec
1940 2747 2092 2796 Voss.
2113 2760 2211 2840 ne‘c
2234 2743 2374 2795 Gnd.
2411 2758 2503 2807 ag·

298 2817 528 2860 noscunt
538 2816 684 2861 .-—12
720 2813 929 2875 Ousessi,
962 2812 1159 2873 armati,
1191 2827 1240 2863 ue
1277 2813 1374 2876 ipsi
1408 2812 1545 2862 Edd.
1582 2819 1704 2862 aute
1754 2812 1986 2862 Gronov.
1989 2816 2118 2861 —13
2173 2810 2504 2860 ‘Promiscui

300 2875 447 2936 libri,
474 2881 530 2925 nt
557 2883 614 2926 et
637 2876 876 2926 Andreas
903 2887 1061 2941 atque
1086 2876 1274 2940 ΑΙάιιι,
1294 2879 1481 2928 amnt.
1548 2878 1737 2943 Vulgo,
1771 2876 2020 2928 deessent)
2051 2876 2106 2929 J·
2124 2877 2184 2926 F.
2206 2874 2435 2926 Gronov.
2438 2899 2505 2911 --

297 2944 364 2991 14
405 2911 474 2990 ἐι
494 2945 653 2990 castra
676 2941 810 2992 Edd.
832 2951 954 2993 ante
978 2943 1210 2994 Crevier.

1299 3070 1512 3121 NOTAE

293 3174 484 3232 aperta
509 3168 768 3218 sententia
802 3174 897 3218 est.
979 3168 1172 3218 Verum
1196 3169 1247 3218 in
1271 3181 1361 3232 op-

294 3244 439 3294 timis
480 3245 733 3308 scriptum
773 3254 875 3302 est,
918 3251 972 3294 at
1004 3245 1363 3307 erumpentibus.

296 3319 460 3372 Quod
495 3320 559 3368 ad
606 3322 878 3371 sententiaa
923 3322 1362 3372 constructionem

298 3397 512 3462 attinet,
539 3397 643 3448 dici
668 3405 842 3462 poten
868 3399 1173 3464 particulam
1191 3404 1245 3448 at
1265 3399 1364 3448 hoc

295 3476 416 3525 ioco
440 3475 572 3525 sumi
603 3489 700 3539 pro
733 3490 871 3538 cum,
904 3476 1013 3526 sive
1048 3475 1275 3542 quando,
1297 3474 1362 3525 ad

295 3554 626 3617 maieritum
652 3561 857 3617 tempus
878 3552 1060 3602 relato.
1113 3552 1202 3602 Sic
1224 3552 1363 3617 apud

298 3624 415 3677 Cic.
442 3642 506 3678 ιι.
532 3629 583 3677 in
608 3627 762 3678 Verr.
800 3628 818 3656 ‘
835 3635 896 3678 ut
929 3628 1149 3693 quiaque
1184 3642 1266 3676 me
1288 3628 1363 3677 vi·

297 3704 471 3761 derat.
508 3703 826 3755 narrabant?
895 3703 1061 3755 Quasi
1088 3703 1232 3753 dicat
1261 3704 1364 3753 iro·

297 3784 421 3834 nice
462 3783 711 3846 Manlius,
750 3797 814 3833 eo
854 3783 967 3847 ipso
1005 3781 1186 3831 fidele·
1230 3783 1370 3832 cives

303 3868 434 3914 tunc
475 3858 638 3909 fnisse
680 3873 800 3909 cum
836 3859 1154 3909 obsisterent
1200 3873 1369 3908 erum·

300 3950 431 3999 pere
455 3934 771 3993 volentibus,
800 3935 946 4000 qnasi
969 3935 1250 4000 periculum
1276 3949 1371 3985 eo·

302 4027 418 4061 rum
459 4010 828 4072 formidantem
874 4018 967 4060 aut
1004 4012 1056 4061 in
1099 4020 1363 4076 posterum

299 4087 482 4138 fideles
505 4089 768 4151 bonosque
791 4090 930 4139 cives
961 4087 1092 4152 fore,
1120 4101 1236 4138 cum
1260 4103 1365 4139 nou

301 4165 504 4227 possint
538 4164 732 4214 invidia
763 4178 943 4214 carere
970 4165 1020 4214 in
1044 4179 1130 4214 eos
1150 4177 1367 4229 quorum

300 4239 554 4293 fortitudo
576 4242 833 4307 ignaviam
859 4242 983 4306 ipsis
1009 4256 1152 4292 suam
1183 4255 1246 4293 ac
1279 4241 1368 4292 de·

1445 3169 1608 3219 decus
1631 3169 1882 3219 continno
1904 3176 1987 3219 est
2005 3168 2402 3233 exprobratura.

1512 3247 1530 3279 ⁸
1567 3245 1754 3296 Vallum
1790 3245 1962 3308 armis]
2013 3246 2181 3295 Antea
2212 3245 2505 3308 legebatur,

1444 3321 1641 3379 obtusi,
1663 3322 1841 3371 ammi
1860 3336 1911 3370 σε
1938 3321 2030 3384 ipsi
2053 3322 2199 3371 tutati
2223 3321 2344 3369 vulto
2364 3324 2473 3368 sunt
2488 3334 2506 3368 .-

1446 3397 1539 3446 ud
1583 3398 1807 3448 Putean.
1864 3397 2030 3447 codex
2072 3396 2270 3458 babuit,
2316 3395 2507 3455 obsessi,

1444 3472 1632 3536 bellum,
1652 3487 1785 3522 arma
1807 3472 1968 3535 seipsi,
1987 3474 2069 3534 qe.
2119 3470 2273 3519 Unde
2296 3484 2506 3519 auream

1446 3561 1502 3596 se
1537 3545 1725 3597 fecisse
1769 3547 2045 3597 lectionem
2084 3545 2379 3594 Gronovius
2414 3544 2507 3604 ait,

1445 3623 1616 3673 bellum
1649 3620 1896 3672 mutando
1924 3623 1975 3671 in
2010 3623 2212 3670 ouum.-
2256 3633 2411 3685 quam
2441 3630 2509 3669 ex

1446 3700 1581 3751 Livii
1601 3700 1691 3751 lib.
1722 3713 1797 3750 vr.
1820 3699 2124 3749 confirmat:
2148 3706 2164 3729 ¹
2184 3703 2386 3746 tantum
2410 3696 2510 3744 Ca·

1441 3777 1615 3826 miuus
1640 3776 1849 3826 auditus
1870 3775 2156 3838 imperator
2184 3772 2399 3823 terroris
2428 3772 2509 3820 in·

1445 3855 1655 3916 tulerat,
1687 3861 1749 3903 ut
1787 3852 1923 3901 valio
1957 3851 2132 3914 seipsi,
2167 3850 2356 3901 vallum
2390 3861 2509 3898 cou-

1442 3931 1602 3997 gestis
1619 3928 1889 3979 arboribus
1905 3927 2139 3990 sepirent
2157 3925 2197 3977 ε’
2220 3926 2507 3991 eademqne

1444 4006 1706 4071 elegantia
1726 4019 1873 4054 usum
1899 4004 2022 4054 aiibi
2038 4003 2326 4054 Auctorem
2344 4001 2508 4051 addu-

1446 4084 1540 4147 cit,
1573 4081 1735 4132 veluti
1765 4080 1857 4131 lib.
1892 4092 2106 4130 xxvm.
2148 4079 2167 4107 ‘
2192 4086 2250 4129 ut
2273 4085 2329 4128 et
2351 4077 2510 4126 muris

1447 4159 1623 4227 seipsi,
1647 4164 1702 4209 et
1724 4157 1879 4208 armis
1909 4170 2083 4209 muros
2107 4152 2449 4207 intuentum*
