3025 4892
532 358 707 425 1670
1465 369 1538 417 τ.
1588 369 1783 419 mvn

532 519 924 605 proponite;
968 535 1118 602 quae
1146 519 1321 583 terra
1349 517 1649 601 marique
1686 536 1810 601 per
1833 519 2119 600 quatuor
2145 518 2216 581 et
2244 514 2481 598 viginti
2513 532 2731 581 anuos

533 624 718 707 passi
759 622 932 687 sitis.
1019 619 1173 685 Nec
1211 640 1377 704 puer
1405 620 1516 684 hic
1547 619 1689 684 dux
1711 627 1872 697 erat,
1920 617 2042 684 sed
2071 625 2261 703 pater
2285 620 2437 703 ipse
2467 617 2734 683 Hamil-

534 746 673 804 car,
703 725 889 791 Mars
915 725 1102 802 alter,
1128 730 1204 788 ut
1232 724 1343 788 isti
1376 723 1629 787 volunt.
1717 721 1854 786 Sed
1902 726 2060 786 tunc
2103 721 2450 798 Tarento,¹
2494 720 2567 785 id
2596 728 2728 797 est,

533 827 816 906 Italia,¹⁸
857 848 991 892 non
1020 828 1552 896 abstinueramus
1577 845 1669 890 ex
1697 825 1985 905 soedere3
2030 826 2208 890 sicut
2229 844 2403 891 nunc
2431 824 2732 908 Sagunto

532 950 671 996 non
713 932 1146 996 abstinemus.
1240 928 1571 994 Vicerunt
1613 948 1772 1011 ergo
1825 928 1939 993 Dii
1987 928 2472 1012 hominesque;
2517 937 2614 1004 et,
2659 926 2733 990 id

537 1035 619 1099 de
648 1055 786 1120 quo
815 1035 1039 1100 verbis
1086 1034 1567 1116 ambigebatur,
1601 1041 1747 1098 uter
1795 1032 2093 1116 populus
2134 1030 2362 1098 soedus
2407 1031 2730 1113 rupisset,

531 1145 808 1203 eventus
830 1139 1013 1218 belli,
1035 1140 1221 1203 velut
1252 1156 1492 1222 aequus
1511 1138 1754 1223 judex,
1785 1136 1963 1201 unde
1982 1137 2103 1221 jus
2133 1136 2377 1212 stabat,
2421 1134 2484 1198 ei
2516 1134 2732 1199 victo-

534 1243 699 1306 riam
758 1240 966 1306 dedit.
1055 1240 1444 1322 Carthagini
1497 1261 1673 1306 nuno
1727 1240 2066 1305 Hannibal
2111 1240 2347 1304 vineas
2391 1243 2732 1320 turresque

531 1348 881 1414 admovet:
931 1345 1355 1427 Carthaginis
1409 1346 1658 1409 moenia
1689 1344 1906 1427 quatit
1958 1345 2197 1410 ariete.
2284 1342 2567 1425 Sagunti
2601 1343 2731 1406 rui·

530 1471 638 1516 nae
681 1450 930 1535 (falsus
966 1448 1220 1514 utinam
1270 1454 1460 1512 vates
1507 1449 1661 1524 sim)
1702 1449 1946 1512 nostris
1996 1447 2331 1532 capitibus
2389 1444 2729 1512 incident:

530 1560 1057 1638 susceptumque
1089 1571 1243 1617 cum
1274 1551 1655 1634 Saguntinis
1697 1551 1950 1616 bellum
1985 1550 2363 1640 babendum
2395 1570 2552 1616 cum
2585 1548 2730 1613 Ro·

532 1657 749 1722 manis
804 1662 930 1721 est.
1042 1655 1383 1719 Dedemus
1447 1675 1603 1737 ergo
1666 1655 2179 1720 Hannibalem'l
2225 1654 2406 1719 dicet
2460 1653 2727 1737 aliquis.

536 1758 720 1836 Scio,
746 1778 963 1823 meam
991 1759 1206 1823 levem
1238 1780 1392 1824 esse
1421 1759 1490 1822 in
1519 1779 1602 1825 co
1633 1759 2096 1824 auctoritatem
2124 1767 2396 1843 propter
2414 1764 2730 1842 paternas

534 1861 945 1927 inimicitias.
1035 1862 1171 1927 Sed
1225 1872 1293 1926 et
1327 1861 1783 1926 Hamilcarem
1832 1881 1916 1927 eo
1959 1863 2219 1944 perisse
2265 1862 2530 1926 laetatus
2559 1880 2729 1938 sum,

426 1977 435 2002 ¹
533 1964 739 2048 quod,
770 1964 830 2029 si
860 1964 973 2029 ille
995 1964 1269 2038 viveret,
1301 1966 1548 2029 bellum
1566 1964 1711 2046 jam
1747 1985 1902 2030 cum
1936 1964 2262 2030 Romanis
2287 1964 2728 2042 haberemus3

532 2073 607 2131 et
635 2068 812 2132 hunc
830 2067 1165 2153 juvenem,
1196 2077 1513 2152 tanquam
1546 2068 1788 2158 furiam
1818 2070 2175 2154 facemque
2191 2068 2389 2154 hujus
2412 2068 2602 2144 belii,
2622 2067 2730 2133 odi

1448 2251 1809 2273 OOOOOOOOOOOO

535 2367 941 2419 Nol.Var.-—18
973 2367 989 2396 ⁴
1012 2367 1099 2417 Sic
1120 2369 1250 2420 Mn.
1288 2369 1531 2431 plurimos
1563 2370 1892 2433 optimosque
1928 2369 2089 2419 secuti
2121 2369 2374 2420 dedimus.
2442 2368 2582 2419 Edd.
2605 2376 2729 2419 vett.

534 2433 697 2484 Gron.
718 2441 773 2483 et
796 2433 947 2483 Crev.
971 2449 1086 2483 cnm
1112 2435 1237 2484 llius.
1263 2438 1518 2484 nonnullis
1553 2436 1650 2485 Sed
1677 2436 1879 2484 Tarento
1900 2439 1999 2484 tum
2018 2436 2071 2484 in
2095 2435 2255 2485 ltalia.
2324 2434 2590 2485 Drakenb.
2617 2449 2727 2483 cum

537 2501 714 2564 paucis
747 2499 875 2549 Mas.
906 2499 1003 2550 Sed
1027 2501 1248 2558 Tar-cato,
1280 2500 1331 2549 id
1352 2506 1424 2551 ert
1454 2500 1622 2551 Italia.
1692 2501 1825 2551 Erat
1856 2501 1995 2551 enim
2029 2501 2083 2551 iu
2117 2499 2330 2560 foedere,
2363 2508 2424 2551 ut
2458 2500 2728 2564 Carthagi-

1534 2647 1747 2700 NOTAE

536 2744 860 2810 Drepanum,
901 2745 1136 2809 ejusdem
1188 2747 1368 2798 inrnlae
1410 2747 1594 2795 urbem
1682 2744 1831 2797 U.C.
1855 2749 1968 2797 512.

534 2826 864 2884 maritimam,
923 2841 1135 2891 quarum
1193 2842 1308 2892 qnae
1366 2827 1595 2892 Lilybaeo
1737 2829 1762 2856 ¹
1799 2824 2113 2890 Erycemque]
2144 2823 2262 2875 Hoc
2284 2824 2491 2876 nomine
2506 2839 2652 2876 mona
2675 2833 2729 2876 et

536 2902 770 2963 proxima
812 2899 1001 2968 AEgnsa
1033 2905 1141 2953 sive
1179 2905 1430 2967 Capraria
1453 2904 1595 2953 dice·

532 2976 711 3039 batur,
724 2992 859 3028 nunc
875 2979 1157 3042 Favignm
1169 2998 1186 3028 .-
1203 2996 1317 3045 qnae
1333 2995 1396 3028 ex
1412 2981 1594 3029 adver-

533 3068 591 3100 so
616 3054 847 3116 Drepani
885 3055 1206 3105 Phorbantia
1227 3072 1315 3104 sen
1343 3056 1593 3121 Bucinna,

532 3127 687 3177 hodie
708 3129 953 3181 Levenzo:
983 3145 1096 3196 qnae
1118 3132 1191 3181 bin
1214 3132 1594 3184 meridionalior

534 3212 593 3254 et
609 3206 999 3270 occidentalior,
1024 3208 1187 3258 Hiera
1201 3211 1307 3260 sive
1329 3211 1506 3267 Sacra,
1532 3225 1592 3261 ac

533 3290 654 3345 post
700 3283 987 3345 Maritima,
1024 3296 1078 3334 et
1114 3285 1267 3335 hodie
1308 3287 1593 3336 Mai-etam-

533 3361 684 3411 Inter
710 3362 917 3413 Hieram
951 3374 1005 3414 et
1046 3365 1281 3429 AEgnsain
1320 3366 1592 3416 commisso

535 3439 705 3487 navali
726 3439 905 3503 praelio
933 3441 1172 3492 Lutatius
1196 3445 1376 3493 consul
1405 3444 1591 3493 Roma·

533 3529 628 3565 nita
665 3518 881 3566 classem
922 3519 1197 3568 Poenornin
1232 3521 1377 3580 vicit,
1412 3519 1591 3584 fugato

533 3592 789 3643 Hannone
832 3595 986 3660 dirce,
1024 3596 1271 3646 demersis
1311 3599 1591 3647 Poenorum

532 3670 910 3735 quinquaginta
933 3675 1166 3734 navibus,
1188 3675 1354 3737 captis
1383 3681 1592 3735 septua-

533 3747 697 3807 ginta,
715 3756 900 3799 etcum
926 3751 987 3799 iis
1009 3752 1226 3814 amplius
1243 3753 1422 3800 decem
1445 3752 1592 3801 milli-

531 3823 626 3873 bus
646 3824 928 3891 hominnm,
943 3836 997 3877 nt
1018 3829 1203 3894 Polyb.
1227 3838 1279 3878 et
1305 3830 1435 3878 Zon.
1458 3830 1595 3879 refe-

534 3907 655 3948 runt
677 3916 691 3949 z
729 3915 845 3950 nam
870 3902 1088 3953 Orosius
1111 3920 1379 3956 nnmerum
1404 3909 1468 3956 ab
1492 3908 1594 3956 illis

534 3976 796 4040 proditum
813 3988 973 4042 auget
993 3998 1005 4027 ε
1024 3992 1180 4047 atque
1194 3984 1289 4032 boc
1310 3985 1485 4046 prelio
1499 3985 1593 4033 im-

537 4054 735 4116 positus
761 4055 924 4118 primo
951 4057 1085 4108 bello
1122 4060 1318 4110 l’nnico
1340 4059 1456 4108 finis
1485 4057 1595 4109 fue-

536 4137 619 4179 rat
643 4145 659 4179 2
716 4139 1031 4196 coactusque
1092 4135 1377 4198 Hamilcar,
1436 4143 1591 4186 antea

533 4207 809 4258 Poenorum
833 4209 960 4271 dux,
983 4212 1161 4262 Sicilia
1178 4213 1449 4275 excedere,
1470 4228 1587 4275 gra·

534 4297 727 4348 verque
759 4287 905 4351 pacis
945 4289 1085 4353 leges
1137 4293 1393 4356 accipere,
1447 4305 1583 4343 anno

1675 2901 1924 2964 oppidum
1947 2899 2091 2951 fuere
2115 2903 2165 2951 iu
2189 2901 2399 2951 Sicilia:
2434 2902 2533 2952 boc
2565 2902 2726 2952 tribas

1676 2978 1887 3027 circiter
1906 2993 2064 3043 supra
2094 2980 2401 3043 Drepanum
2433 2980 2731 3031 milliaribus

1674 3056 1727 3106 in
1752 3057 1948 3106 vertice
1968 3058 2173 3121 montis,
2198 3057 2284 3121 qui
2306 3056 2587 3108 altitudine
2609 3057 2730 3107 nulli

1675 3134 1726 3183 in
1752 3141 1865 3183 tota
1886 3134 2059 3183 Sicilia
2080 3141 2429 3199 praeterquam
2452 3135 2624 3185 AEtnoe
2644 3149 2727 3184 ce·

1673 3209 1753 3259 dit
1786 3225 1800 3259 z
1868 3208 1941 3258 ibi
1976 3207 2076 3258 fuit
2113 3211 2562 3273 opulentissimum
2606 3217 2728 3261 tem·

1675 3287 1815 3350 plum
1837 3287 2058 3336 'Venerin
2081 3287 2342 3352 Eryciuae,
2378 3289 2445 3338 de
2462 3303 2564 3353 quo
2596 3290 2723 3340 Nos·

1672 3372 1754 3412 ter
1776 3363 1863 3411 lib.
1898 3376 1997 3413 vu.
2030 3378 2149 3428 cap.
2179 3365 2229 3414 8.
2277 3363 2435 3413 Hunc
2474 3368 2643 3415 locum
2668 3367 2722 3415 L.

1670 3439 1857 3492 Juniu·
1879 3440 2080 3504 consul,
2115 3441 2346 3506 quamvis
2376 3443 2566 3492 amissa
2608 3457 2724 3494 nan·

1671 3518 1837 3583 fragio
1850 3522 2037 3575 classe,
2051 3520 2328 3583 occupavit
2346 3520 2539 3584 duplici
2559 3522 2726 3585 preri-

1673 3596 1782 3659 dio,
1807 3597 1968 3647 altero
1991 3596 2056 3646 ad
2082 3595 2282 3648 radices
2305 3598 2493 3648 montis
2510 3600 2721 3649 colloca·

1676 3682 1749 3736 to,
1773 3676 1938 3724 altero
1954 3676 2147 3725 veroin
2167 3677 2393 3727 vertice:
2428 3684 2588 3742 atque
2607 3677 2718 3726 urba

1676 3752 2017 3802 munitissima
2059 3760 2115 3803 et
2158 3755 2261 3804 situ
2304 3755 2718 3821 inexpugnabilis.

1678 3830 1833 3893 panlo
1860 3837 1972 3893 post
1998 3831 2195 3882 Lutatii
2220 3831 2512 3890 victoriam,
2549 3834 2599 3883 ia
2623 3834 2713 3883 Ra·

1671 3919 1936 3955 manorum
1984 3908 2127 3958 venit
2176 3917 2512 3973 poteatatem.
2578 3911 2714 3961 Mona

1671 3981 1827 4033 hodie
1851 3981 2066 4046 dicitnr,
2098 3985 2270 4036 Monte
2289 3988 2342 4036 di
2361 3986 2513 4037 Scato
2537 3988 2708 4036 Gialia·

1671 4076 1764 4120 no,-
1799 4061 1918 4110 urbs
1942 4076 2065 4113 vero
2092 4063 2302 4128 stapam·
2313 4067 2396 4115 dcl
2417 4067 2595 4116 Monte.

1736 4145 1763 4174 ¹
1801 4139 2029 4204 Tarento]
2078 4140 2146 4192 V.
2182 4142 2327 4207 Epit.
2364 4142 2459 4194 lib.
2499 4156 2616 4195 xlv.
2659 4149 2709 4192 ct

1671 4212 1827 4266 Oroa-
1848 4230 1923 4267 ιν.
1944 4219 1995 4268 8.
