3025 4892
1183 381 1331 430 mn.
1397 380 1621 430 xxiv.
2316 364 2493 433 1985

368 537 493 574 vero
513 523 731 574 classem
752 536 801 574 c.
825 523 1030 575 navium
1054 523 1119 575 ad
1143 526 1329 576 ostium
1355 533 1538 590 portus
1569 526 1880 591 Syracusani
1903 525 2165 578 admovet·
2218 530 2302 579 28.
2326 527 2488 593 Apol·

367 604 572 657 lonides
594 604 882 668 principum
905 618 1035 655 unns
1057 607 1274 657 salutari
1299 609 1534 658 oratioue
1557 608 1763 673 suadet,
1783 617 1840 658 ut
1863 624 1965 660 uno
1987 611 2157 660 animo
2189 625 2368 660 omnes
2393 611 2488 674 Sy-

364 685 604 736 racusani
630 685 713 736 vel
735 685 799 735 ad
826 685 1013 736 Poenos
1037 686 1120 735 vel
1153 688 1216 736 ad
1243 689 1496 738 Romanos
1529 688 1797 745 inclinent,
1819 697 1876 740 et
1897 704 2013 741 cnm
2036 690 2112 740 itis
2135 692 2308 755 potius
2340 697 2490 739 vetus

364 775 649 816 renovetur
681 765 870 828 foedus,
904 766 1027 831 quia
1049 769 1325 831 extemplo
1357 775 1449 818 aut
1482 784 1603 834 pax,
1625 777 1714 820 aut
1737 770 1925 819 bellum
1951 785 2068 823 cum
2093 772 2156 820 iis
2179 769 2487 822 habendum.

365 847 500 900 Qnae
529 862 611 896 res
634 860 776 911 sepe
812 848 986 911 agitur
1019 848 1216 912 maguis
1253 850 1646 913 certaminibus,
1665 857 1720 899 et
1757 858 2018 914 postremo
2043 866 2221 916 pacem
2245 865 2360 901 cnm
2384 849 2485 899 Ro-

364 927 530 977 manis
550 926 664 978 fieri
695 927 889 992 placet.
950 931 1034 978 20.
1065 928 1144 978 Ea
1177 942 1293 978 mox
1320 930 1578 993 rumpitur
1600 930 1665 981 ab
1692 931 2039 996 Hippocrate,
2058 933 2145 999 qni
2167 947 2282 982 cum
2307 931 2486 996 proesi·

363 1007 453 1059 dio
477 1009 756 1059 Leontinos
776 1009 958 1059 missus
981 1010 1296 1074 provinciam
1321 1010 1472 1062 Rom.
1511 1010 1760 1063 infestat:
1797 1019 1851 1063 et
1889 1013 2138 1064 Marcello
2173 1013 2241 1063 de
2268 1012 2487 1077 perfidia

362 1098 638 1154 querente,
658 1088 915 1154 Epicydes
939 1099 994 1140 et
1027 1090 1137 1154 ipso
1176 1091 1230 1140 in
1258 1091 1539 1142 Leontinos
1576 1092 1942 1158 proficiscitur,
1964 1109 2154 1159 eosque
2178 1094 2434 1145 abalienat
2457 1108 2489 1143 a

363 1168 722 1232 Syracusanis.
786 1173 869 1220 80.
904 1169 1045 1220 Hinc
1075 1178 1133 1220 et
1156 1171 1435 1223 Marcellus
1471 1181 1528 1222 ct
1559 1173 1870 1238 Syracusani
1893 1175 2183 1225 exercitum
2205 1175 2489 1225 Leontinos

363 1248 584 1301 ducunt.
653 1249 750 1300 Illo
775 1250 939 1317 primo
962 1250 1156 1316 impetu
1191 1252 1370 1303 urbem
1391 1260 1695 1318 expugnat3
1729 1254 1782 1304 bi
1805 1254 2127 1306 Herbessum
2148 1253 2490 1317 contendunt,

363 1343 466 1394 quo
514 1329 866 1395 Hippocrates
895 1339 1053 1401 atque
1088 1332 1349 1398 Epicydes
1394 1334 1746 1399 perfugerant.
1811 1339 1894 1387 81.
1948 1336 2052 1388 Qui
2098 1345 2271 1387 tamen
2314 1334 2489 1386 callidi

360 1411 553 1464 fratros
571 1413 756 1464 frande
777 1422 833 1466 et
852 1413 990 1467 fictis
1013 1417 1208 1473 nuntiis
1233 1418 1445 1482 primum
1468 1434 1649 1482 agmen
1671 1420 1724 1472 iu
1755 1420 1933 1478 duces,
1967 1421 2155 1472 deinde
2179 1420 2382 1485 plebem
2407 1417 2487 1482 ip-

359 1508 576 1559 sumque
597 1503 834 1547 senatum
864 1498 1120 1560 Syracus-
1141 1499 1429 1550 mandunt
1452 1500 1505 1550 in
1533 1501 1809 1552 Romanos.
1874 1506 1957 1553 82.
1992 1503 2254 1554 Ρηιοῐει
2286 1497 2489 1551 interfi-

360 1575 590 1640 ciuntur,
611 1585 667 1628 et
702 1579 756 1628 in
794 1580 963 1630 locum
997 1594 1175 1631 eorum
1212 1588 1455 1633 creantur
1493 1582 1844 1647 Hippocrates
1881 1592 2039 1649 atque
2064 1582 2340 1648 Epicydes.
2404 1585 2488 1631 88.

360 1656 507 1708 Hinc
528 1658 811 1709 Marcellus
835 1668 1006 1711 castra
1029 1660 1095 1711 ad
1117 1661 1400 1727 Syracusas
1439 1672 1631 1721 movet,
1669 1672 1726 1715 et
1762 1664 1945 1730 legatis
1976 1667 2086 1730 ejus
2121 1679 2237 1715 cum
2260 1661 2489 1728 superbo

358 1739 613 1804 Epicydis
634 1755 883 1806 responso
907 1742 1151 1801 remissis,
1190 1751 1332 1794 terra
1370 1746 1609 1810 mariquo
1646 1746 1797 1797 simul
1836 1746 1960 1797 urbs
1995 1754 2346 1812 oppugnatur.
2408 1748 2491 1795 84.

361 1820 498 1872 Qut.
524 1826 851 1888 oppugnatio
880 1825 1110 1876 eluditur
1141 1826 1339 1877 bellicis
1375 1828 1651 1879 tormentis
1688 1829 2049 1893 operibusque,
2074 1828 2141 1879 ab
2176 1822 2490 1878 Archimede

357 1901 603 1955 inventis.
670 1908 754 1956 86.
785 1904 975 1970 Itaque
1010 1906 1295 1957 Marcellus
1329 1907 1571 1959 obsidere
1608 1909 1786 1959 urbem
1826 1912 2033 1973 statuit,
2068 1918 2126 1960 et
2148 1909 2321 1959 vicina
2341 1908 2488 1972 capit

357 1982 574 2047 oppida,
591 2000 710 2050 qum
746 1986 812 2036 ad
854 1987 1049 2037 Poenos
1081 1982 1419 2039 desciverant.
1485 1991 1592 2041 Per
1620 1990 1758 2042 idem
1796 2005 1919 2041 vero
1942 1998 2148 2055 tempus
2174 1989 2399 2040 Himilco
2421 1986 2488 2036 ad

357 2063 668 2117 Heracleam
688 2066 920 2118 Minoam
944 2070 1230 2120 exercitum
1249 2074 1430 2122 28000.
1459 2071 1973 2137 bominum'caponit,
1996 2076 2310 2137 receptoque
2335 2067 2488 2132 Agri-

357 2154 519 2209 gento
541 2156 714 2198 castra
733 2150 876 2200 circa
898 2150 1120 2202 Acrillas
1143 2153 1290 2216 ponit
1309 2169 1326 2214 ς
1372 2152 1463 2202 ubi
1484 2153 1664 2204 decem
1687 2153 1846 2203 millia
1870 2155 2327 2218 Syracusanorum.
2349 2150 2487 2200 duce

357 2225 690 2291 Hippocrate
714 2238 871 2281 noctu
895 2231 1024 2282 urbe
1047 2244 1273 2296 egressa,
1296 2248 1352 2282 se
1374 2235 1425 2285 ei
1457 2235 1798 2300 conjungunt.
1863 2240 1947 2285 86.
1981 2235 2111 2285 Mox
2144 2240 2200 2285 et
2226 2231 2488 2288 Bomilcar

357 2321 475 2357 cum
516 2309 678 2359 classe
702 2310 753 2360 in
796 2326 1036 2376 magnum
1071 2314 1440 2378 Syracusarum
1466 2324 1690 2380 portum,
1712 2322 1766 2366 et
1801 2316 1938 2381 legio
1961 2316 2214 2378 Romana,
2237 2313 2489 2363 Panormi

357 2390 615 2453 exposita,
646 2390 710 2441 ad
736 2391 964 2458 Appium
1001 2386 1256 2458 pervenit.
1317 2395 1424 2447 Sed
1461 2397 1629 2461 Poeni,
1653 2406 1821 2448 tutum
1845 2396 1910 2447 ad
1938 2398 2223 2462 Syracusas
2245 2402 2300 2445 et
2322 2391 2493 2444 muni-

354 2479 536 2521 mento
567 2480 624 2522 at
658 2473 853 2525 viribus
886 2475 1089 2525 bostem
1111 2488 1228 2526 esse
1260 2484 1552 2533 cernentes.
1584 2491 1828 2544 moraque
1850 2478 2019 2528 inutili
2043 2476 2113 2528 ab
2132 2477 2237 2527 suis
2257 2475 2486 2539 inopiam

357 2555 631 2617 aggravari
662 2556 938 2619 sociorum,
966 2556 1093 2608 nibil
1128 2558 1344 2621 audent,
1366 2565 1422 2610 et
1452 2560 1716 2611 Bomilcar
1744 2560 1797 2609 in
1828 2558 2059 2610 Africam
2085 2558 2238 2620 redit,
2259 2555 2488 2631 Himilco

356 2636 711 2707 Murgantiam
737 2636 1104 2701 proficiscitur.
1170 2643 1254 2691 87.
1287 2639 1421 2691 Huc
1454 2647 1509 2692 et
1531 2640 1647 2691 aliae
1682 2641 1924 2692 civitates
1946 2640 2013 2691 de
2036 2640 2331 2706 proditioue
2353 2652 2489 2703 prn-

356 2716 605 2767 sidiorum
642 2717 794 2768 Rom.
827 2719 1164 2782 paciscuntur
1197 2735 1315 2770 cum
1340 2720 1549 2782 Poenis3
1584 2722 1637 2770 in
1662 2720 1725 2771 iis
1747 2729 1803 2771 et
1828 2720 2030 2784 Henna,
2053 2721 2139 2772 ubi
2162 2722 2221 2772 1..
2244 2718 2488 2769 Pinarius

354 2799 439 2849 vir
472 2812 593 2849 acer
623 2797 867 2864 proesidio
911 2807 1121 2864 praest.
1186 2805 1269 2851 88.
1306 2805 1388 2852 80.
1423 2802 1481 2852 Is
1515 2802 1664 2853 caesis
1709 2801 2077 2853 Hennensibus
2115 2799 2362 2868 oppidum
2394 2805 2488 2850 aut

352 2879 494 2930 malo
514 2886 608 2930 aut
624 2879 919 2932 necessario
939 2879 1171 2932 facinore
1195 2882 1404 2933 retinet.

287 2967 375 3014 40.
407 2961 614 3027 Rullum
650 2975 767 3012 cum
792 2960 1037 3027 Philippo
1057 2962 1407 3014 Macedonum
1442 2977 1570 3029 rego
1603 2970 1860 3016 movetur.
1923 2963 2003 3015 M.
2025 2963 2267 3014 Valerius
2292 2967 2490 3027 prator

357 3043 597 3101 Oricum,
618 3042 684 3093 ab
705 3057 770 3094 co
792 3053 1167 3108 expugnatum.
1189 3044 1410 3110 recipit;
1444 3052 1501 3096 et
1524 3046 1591 3098 Q.
1614 3045 1831 3096 Nerius
1854 3044 2025 3096 Crista
2051 3043 2391 3109 Apolloniam,
2418 3042 2489 3092 ab

357 3124 543 3175 eodem
569 3125 849 3183 obsessam,
880 3125 1089 3189 liberat,
1121 3125 1494 3176 Macedonibus
1529 3135 1687 3177 noctu
1719 3125 1983 3192 oppressis
2015 3120 2349 3190 fugatisque:
2384 3137 2490 3189 quo
2542 3136 2548 3143 ·

357 3203 506 3257 facto
525 3220 620 3256 rex
645 3212 787 3256 terra
805 3206 857 3256 in
878 3205 1235 3257 Macedoniam
1261 3208 1564 3258 revertitur.
1622 3208 1627 3217 '

285 3290 375 3339 41.
409 3286 473 3336 ln
496 3287 752 3351 Hispania
780 3286 1052 3351 Scipiones
1085 3287 1332 3339 adversus
1367 3290 1651 3354 Magonem
1673 3296 1730 3340 et
1752 3287 2111 3340 Hasdrubales
2134 3302 2386 3353 prospere
2408 3298 2492 3337 res

357 3377 567 3433 gerunt,
600 3376 656 3418 ot
693 3367 954 3431 Illitnrgin
994 3370 1371 3435 Bigerramque
1404 3372 1614 3422 solvunt
1649 3370 1940 3422 obsidione.
2013 3374 2097 3422 42.
2139 3370 2241 3421 Ter
2275 3369 2517 3420 vincunt.

359 3450 581 3511 Parnon
613 3449 902 3513 Saguntum
923 3450 1199 3514 recipiunt,
1221 3460 1277 3502 et
1299 3451 1625 3503 Turdetanos
1650 3451 1893 3517 redigunt
1914 3452 1964 3500 in
1988 3458 2318 3516 potestatem.

289 3534 376 3583 48.
414 3531 592 3581 Romoe
618 3532 916 3582 censoribus
953 3548 983 3582 a
1021 3533 1080 3584 L.
1116 3535 1333 3585 Metello
1370 3534 1494 3585 trib.
1532 3535 1604 3600 pl.
1637 3535 1748 3586 dies
1772 3535 1966 3585 dicitur
1990 3533 2054 3584 ad
2083 3533 2347 3599 populum,
2370 3547 2492 3583 con-

359 3613 600 3678 sulesque
621 3621 867 3663 creantur
887 3614 969 3664 Ti.
990 3615 1328 3680 Sempronius
1349 3617 1616 3667 Gracchus
1638 3630 1703 3667 n.
1720 3625 1777 3667 ot
1799 3617 1868 3669 Q.
1893 3616 2080 3666 Fabius
2100 3616 2245 3666 Max.
2269 3615 2493 3664 consulis

359 3693 520 3744 filius.
587 3696 670 3745 44.
703 3694 1029 3745 Dividuntur
1052 3697 1352 3761 provinciae,
1369 3706 1424 3748 et
1448 3697 1687 3762 prodigia
1707 3703 2063 3762 procurantur.
2130 3696 2316 3747 Fabius
2340 3703 2496 3760 pater

359 3774 467 3825 filio
486 3776 691 3839 legatus
714 3775 778 3826 ad
804 3775 1097 3828 Suessulam
1120 3777 1172 3827 iu
1196 3784 1368 3828 castra
1392 3778 1553 3835 veuit,
1574 3786 1630 3828 et
1663 3778 1731 3828 ab
1760 3792 1824 3828 eo
1844 3777 2163 3828 descendero
2187 3790 2323 3842 equo
2333 3776 2492 3840 jube·

361 3864 464 3907 tur.
530 3859 617 3906 45.
651 3856 853 3907 Eodem
897 3857 1030 3907 clam
1073 3866 1231 3909 nocte
1275 3860 1516 3924 pervenit
1559 3860 1750 3910 Dasius
1788 3858 2015 3910 Altinius
2053 3857 2301 3922 Arpinus,
2341 3858 2498 3909 bomo

356 3936 509 3987 dives
530 3944 587 3987 et
608 3938 861 4003 ambigua
895 3937 1042 4002 fidei,
1061 3940 1147 4004 qui
1174 3939 1342 4006 Arpos
1378 3942 1500 3993 olim
1538 3941 1602 3991 ad
1636 3939 1980 3991 defectionem
2003 3953 2033 3988 a
2056 3938 2297 3988 Romanis
2321 3946 2493 3989 traxe·

359 4025 462 4082 rat,
481 4025 538 4067 et
576 4032 714 4069 nunc
749 4019 932 4073 iisdem
968 4034 1025 4070 se
1061 4020 1385 4085 proditurum
1424 4036 1541 4072 esse
1578 4020 1856 4087 promittit.
1921 4020 2044 4083 lpse
2078 4018 2146 4068 ab
2166 4018 2243 4068 bis
2265 4019 2416 4070 Cales
2440 4021 2493 4070 in

358 4098 649 4150 custodiam
693 4102 955 4152 mittitur:
1008 4101 1273 4154 Hannibal
1311 4102 1484 4153 Cutem
1527 4102 1665 4154 bona
1700 4102 1816 4167 ejus
1857 4100 2089 4166 possidet
2128 4105 2181 4150 et
2218 4100 2495 4165 conjugem

353 4178 655 4246 liberosque
678 4183 819 4233 vivos
841 4183 1073 4234 comburi
1087 4184 1264 4248 jubet.
1326 4189 1410 4236 46.
1446 4185 1639 4236 Fabius
1661 4183 1834 4248 Arpos
1870 4188 2047 4233 castra
2068 4188 2263 4243 movet,
2284 4179 2491 4231 urbem-

360 4277 459 4330 que
494 4270 656 4314 noctu
687 4263 997 4331 ingreditur,
1032 4266 1199 4318 souitu
1240 4267 1477 4334 largioris
1512 4266 1760 4333 procelle
1800 4264 2078 4329 strepitum
2108 4259 2495 4328 effringentium
