3025 4892
685 445 712 470 ,
816 407 1022 457 mam
1074 406 1305 457 xvm.
1351 405 2003 468 surrnsmsnrum.
2338 383 2507 454 1571

290 553 414 636 pitu
465 551 647 613 exciti
698 551 774 611 ad
825 572 991 613 arma
1038 560 1484 622 concurrerunt:
1556 569 1746 632 neque
1798 549 2061 610 resistere
2110 549 2189 609 ob

290 649 648 734 paucitatem
691 669 880 722 suam,
922 670 1112 730 neque
1152 649 1422 729 adjuvari
1464 669 1503 708 a
1541 648 1659 709 suis
1699 667 1846 727 quos
1887 653 2192 707 arcuerant

291 748 576 817 valentes,
616 746 860 826 dignum
904 746 1152 808 stultitia
1202 767 1310 808 sua
1360 746 1585 807 exitum
1627 743 1842 815 fecere,
1886 743 1965 804 ad
2009 761 2189 804 unum

294 863 495 905 omnes
521 843 827 904 interfecti.

367 948 471 1002 45.
511 940 780 1001 Thermis
821 938 1274 1000 Himerensibus
1311 939 1374 1000 in
1414 948 1767 1021 potestatem
1803 937 2077 1010 redactis,
2108 936 2186 1000 C.

293 1037 579 1099 Aurelius
619 1036 821 1098 consul
867 1037 1162 1118 Liparam,
1190 1057 1324 1117 quae
1349 1039 1483 1118 jam
1508 1036 1817 1118 aliquoties
1841 1056 1880 1097 a
1903 1035 2190 1117 prioribus

290 1134 539 1196 ducibus
576 1143 803 1195 tentata
842 1136 1004 1195 irrito
1028 1143 1242 1195 conatu
1267 1133 1480 1207 fuerat,
1507 1133 1774 1196 obsidere
1798 1134 2082 1213 cogitans,
2109 1152 2187 1192 ex
2211 1142 2276 1192 Ζο
2277 1158 2379 1192 nar.

294 1231 588 1294 Romanis
624 1232 832 1313 copiis,
858 1252 991 1313 quse
1031 1253 1135 1313 per
1171 1231 1499 1293 universam
1541 1231 1807 1292 Siciliam
1841 1238 2027 1301 erant,
2056 1228 2187 1310 plu-

291 1331 466 1389 rimos
505 1330 962 1410 fortissimosque
1002 1328 1217 1390 milites
1247 1329 1505 1409 delegit·
1549 1349 1786 1410 eosque,
1815 1328 2071 1409 acceptis
2110 1328 2188 1387 ab
2211 1326 2251 1375 F
2251 1324 2519 1376 mut-3¹:¹⁸⁸·

295 1425 566 1487 Hierone
591 1427 860 1499 navibus,
887 1426 947 1486 in
972 1426 1369 1508 Liparaeorum
1397 1426 1646 1487 insulam
1670 1426 1922 1506 trajecit.
2007 1423 2189 1486 Unde
2212 1398 2441 1507 35:¹⁶2„
2354 1390 2517 1503 ⁹⁸V⁸7¹

289 1543 424 1585 cum
469 1524 547 1584 ad
589 1524 850 1605 auspicia
874 1523 1192 1606 repetenda
1219 1524 1559 1585 Messanam
1594 1524 1884 1585 rediturus
1905 1530 2078 1594 esset,
2105 1522 2190 1583 P.
2212 1528 2263 1574 ⁴·
2283 1522 2441 1571 etZon
2443 1534 2513 1568 ⁸1·

293 1620 606 1682 Aurelium
667 1621 1062 1683 Pecuniolam
1113 1631 1391 1701 agnatum
1441 1643 1611 1682 suum
1664 1620 1851 1705 (apud
1903 1620 2050 1681 alios
2103 1619 2190 1686 Q.

292 1717 564 1780 Gessium
589 1718 885 1778 tribunum
911 1718 1162 1779 militum
1191 1718 1351 1799 lego)
1380 1719 1686 1780 obsidioni.
1703 1718 1988 1802 praefecit,
2013 1735 2196 1797 opera

289 1817 440 1876 tueri
483 1815 812 1895 diligenter,
839 1815 915 1876 de
950 1825 1146 1877 cetero
1190 1817 1481 1878 abstinere
1524 1836 1721 1899 pugna
1735 1819 1987 1897 jussum.
2071 1812 2193 1874 Sed

291 1915 340 1973 is
377 1914 716 1997 posthabito
755 1912 1011 1974 consulis
1049 1913 1351 1986 mandato,
1376 1934 1497 1975 suae
1540 1914 1741 1994 gloriae
1765 1932 2059 1974 cessurum
2100 1931 2191 1971 ra-

290 2020 407 2083 tus,
434 2011 485 2071 si
529 2031 633 2091 per
665 2011 991 2071 absentiam
1031 2009 1188 2071 illius
1213 2021 1393 2093 capta
1420 2011 1640 2093 Lipara
1665 2011 1837 2083 foret,
1865 2010 1941 2070 ad
1968 2029 2193 2091 oppug-

291 2108 488 2169 nanda
513 2109 725 2168 moenia
746 2107 954 2169 duxit:
1000 2127 1116 2169 non
1137 2108 1422 2190 impunita
1440 2110 1799 2171 temeritate:
1842 2129 1977 2169 nam
2004 2126 2193 2187 neque

290 2225 633 2287 expugnare
675 2206 879 2266 urbem
921 2206 1138 2287 potuit,
1181 2215 1243 2266 et
1280 2206 1482 2268 multis
1521 2208 1767 2280 amissis,
1792 2206 2092 2287 eruptione
2132 2204 2194 2262 in

290 2303 661 2364 recedentem
701 2303 886 2373 facta,
932 2323 1144 2382 aggere
1180 2313 1463 2385 praeterea
1503 2305 1759 2376 incenso,
1810 2312 2004 2364 castra
2041 2321 2195 2380 oegre

287 2409 516 2462 tutatus
554 2410 666 2461 est.
750 2401 872 2462 Sed
915 2400 1105 2461 reditu
1149 2400 1224 2462 C.
1253 2401 1490 2461 Aurelii
1535 2421 1672 2462 cum
1706 2408 1937 2461 mutata
1959 2398 2197 2459 fortuna

288 2507 464 2570 esset,
509 2518 726 2578 magna
777 2498 1074 2559 hominum
1129 2498 1321 2559 caedes
1364 2500 1425 2558 in
1473 2499 1618 2559 urbe
1663 2506 1844 2580 capta
1886 2505 1976 2557 est
2014 2495 2195 2556 edita.

291 2595 529 2657 Deinde
582 2596 659 2656 ad
710 2596 926 2657 tribuni
977 2616 1180 2677 poenas
1229 2595 1398 2668 itum,
1444 2616 1643 2676 quem,
1687 2595 1924 2656 ademto
1974 2591 2199 2653 militiae

289 2693 500 2773 gradu,
551 2693 729 2772 virgis
779 2693 931 2754 caedi
984 2693 1210 2765 consul,
1264 2701 1328 2753 et
1374 2692 1667 2774 stipendia
1714 2693 1865 2753 inter
1907 2689 2199 2770 gregarios

292 2791 521 2872 pedites
570 2790 765 2851 facere
818 2792 1052 2869 coegit3
1125 2789 1487 2851 memorabili
1540 2790 1872 2860 severitate,
1916 2790 2088 2869 cujus
2137 2796 2198 2847 et

291 2887 411 2947 alia
451 2887 725 2968 quaedam
764 2887 1041 2968 exempla
1074 2889 1135 2948 in
1176 2886 1385 2949 eodem
1427 2887 1535 2949 illo
1558 2886 1865 2949 consulatu
1892 2885 1969 2947 C.
1996 2885 2198 2946 Aure-

293 2984 404 3046 lius
427 2985 638 3045 edidit.

369 3090 473 3144 46.
518 3081 796 3164 Recepta
838 3082 1075 3164 Lipara,
1117 3081 1484 3155 Timasithei,
1522 3082 1625 3163 qui
1668 3081 1812 3142 locis
1852 3082 1976 3142 istis
2009 3100 2197 3161 quon·
2253 3107 2458 3166 ’oam-

292 3179 429 3241 dam
472 3178 809 3261 praefuerat‚
836 3182 1082 3261 posteris
1123 3180 1351 3251 datum,
1378 3189 1446 3240 ut
1480 3181 1768 3240 immunes
1808 3199 1847 3240 a
1869 3179 2101 3239 tributis
2139 3185 2202 3238 et
2222 3171 2388 3235 &⁹⁶79-

291 3276 682 3357 vectigalibus
720 3286 948 3337 ament:
991 3275 1144 3338 adeo
1180 3299 1254 3338 ne
1295 3287 1558 3358 tempore
1592 3276 1831 3358 quidem
1855 3274 2199 3335 intercidere

290 3375 526 3436 sinebat
569 3374 924 3454 gratissimus
966 3375 1222 3456 populus
1264 3375 1477 3435 veteris
1515 3372 1789 3434 beneficii
1833 3371 2197 3440 memoriam,

293 3471 453 3553 quod
504 3471 900 3532 Timasitheus
945 3481 1228 3532 craterem
1281 3491 1523 3532 aureum
1579 3470 1881 3552 Delphico
1927 3467 2201 3549 Apollini
2226 3487 2331 3537 nv.
2357 3502 2404 3539 v,
2427 3488 2510 3535 28.

293 3569 452 3631 dono
495 3589 533 3629 a
576 3567 866 3629 Romanis
889 3569 1149 3639 missum,
1179 3589 1356 3650 quem
1389 3571 1599 3650 piratoe
1625 3567 1876 3649 [ἥρω
1900 3569 2199 3646 ceperant,

295 3666 638 3747 legatosque
679 3666 780 3747 qui
821 3686 958 3726 eum
995 3665 1362 3738 deferebant,
1388 3665 1584 3727 salvos
1621 3674 1681 3726 et
1706 3667 1766 3726 in
1795 3663 2114 3734 Graeciam,
2142 3670 2203 3721 et

294 3762 510 3824 deinde
552 3762 816 3823 Romam
856 3762 1219 3823 reducendos
1262 3772 1589 3824 curaverat.
1676 3761 1917 3822 Eretam
1965 3757 2199 3827 deinde,

296 3860 606 3922 castellum
646 3858 1115 3932 munitissimum,
1157 3858 1420 3920 Romani
1459 3878 1597 3920 cum
1640 3857 1903 3939 peditum
1947 3853 2201 3935 quadra·
2226 3872 2377 3923 Diod.

299 3958 464 4037 ginta
503 3956 785 4028 millibus,
811 3965 874 4017 et
906 3957 1205 4037 equitibus
1231 3955 1394 4017 mille
1418 3956 1685 4017 obsidere
1712 3952 1986 4034 aggressi,
2012 3971 2202 4060 neque

300 4074 510 4137 capere
549 4062 885 4135 potuerunt,
911 4073 1102 4133 neque
1126 4073 1263 4114 cum
1288 4051 1496 4114 Poenis
1523 4054 1648 4113 ausi
1673 4059 1807 4111 sunt
1830 4048 2073 4110 collatis
2085 4047 2202 4126 sig-

305 4152 392 4211 nis
430 4149 764 4230 confligere.
850 4149 1016 4209 Nam
1053 4170 1130 4210 ex
1161 4150 1253 4209 M.
1284 4148 1508 4229 Reguli
1535 4169 1674 4210 casu
1703 4156 1901 4208 tantus
1926 4144 2203 4227 elephan-
2229 4164 2405 4229 Polyb

307 4257 491 4308 torum
538 4257 721 4309 terror
762 4245 1072 4307 Romanas
1107 4246 1364 4326 legiones
1390 4248 1723 4316 incesserat,
1753 4253 1817 4304 ut
1858 4263 1933 4302 ex
1961 4262 2033 4302 eo
2057 4249 2202 4300 tem-

310 4365 443 4426 pore
497 4343 830 4427 praeliorum
879 4343 1073 4406 aleam
1115 4342 1399 4424 sugerent.
1507 4342 1679 4424 Saepe
1720 4345 1784 4402 in
1834 4340 2205 4421 Lilybaetana
