3025 4892
538 397 710 466 1822
1472 413 1539 461 T.
1593 411 1776 460 mvn

533 559 790 646 globati
823 565 1093 624 restare.
1183 555 1290 621 Ac
1324 555 1471 642 jam
1525 575 1735 641 prope
1774 575 1906 621 una
1945 555 2125 622 acies
2165 556 2349 624 facta
2392 565 2534 626 erat
2566 560 2719 627 victi

533 670 732 748 atque
764 662 997 744 integri
1024 659 1386 737 exercitus,
1410 659 1909 744 inferebantque
1933 660 2123 743 signa
2150 661 2217 725 in
2245 661 2541 739 hostem3
2572 684 2718 729 cum

531 764 787 830 Poenus
837 762 1125 845 receptui
1174 760 1441 839 cecinit,
1488 761 1715 844 palam
1756 761 2008 827 ferente
2055 762 2462 842 Hannibale,
2512 766 2601 830 ab
2646 786 2718 831 se

534 865 927 939 Minucium,
956 883 1030 929 se
1059 882 1100 927 a
1135 862 1352 928 Fabio
1392 863 1664 927 victum.
1755 863 1868 929 Ita
1913 884 2034 948 per
2082 867 2334 932 variam
2385 868 2715 933 fortunam

534 967 669 1033 diei
729 967 983 1052 majore
1035 970 1222 1050 parte
1265 971 1539 1042 exacta,
1589 985 1738 1031 cum
1783 966 1853 1030 in
1903 972 2123 1033 castra
2162 969 2451 1035 reditum
2494 978 2713 1051 esset3

535 1070 899 1148 Minuciae,
950 1068 1343 1135 convocatis
1388 1068 1741 1144 militibus,
1786 1071 1809 1102 ‘
1838 1068 2040 1153 Saepe
2069 1069 2237 1155 ego,’
2272 1071 2505 1156 inquit,
2552 1078 2575 1107 ‘
2604 1092 2717 1138 au·

533 1171 695 1246 divi,
737 1175 1010 1250 milites,
1055 1193 1205 1238 eum
1250 1171 1534 1256 primum
1580 1191 1733 1237 esse
1771 1172 2029 1252 virum}
2054 1174 2171 1259 qui
2201 1176 2354 1259 ipse
2383 1174 2711 1254 consulat,

530 1278 690 1361 quid
721 1280 788 1343 in
820 1298 956 1343 rem
989 1269 1110 1359 sit3
1144 1277 1503 1342 secundum
1537 1297 1717 1354 eum,
1750 1277 1869 1360 qui
1900 1279 2065 1343 bene
2093 1280 2383 1346 monenti
2410 1279 2711 1344 obediat:

530 1383 646 1468 qui
672 1401 795 1446 nec
826 1382 973 1465 ipse
1004 1380 1365 1460 consulere,
1388 1399 1518 1444 nec
1549 1379 1746 1446 alteri
1782 1398 2013 1464 parere
2043 1382 2234 1462 sciat,
2266 1402 2412 1448 eum
2439 1382 2713 1447 extremi

527 1486 777 1569 ingenii
808 1504 981 1549 esse.
1070 1483 1292 1549 Nobis
1324 1483 1640 1567 quoniam
1683 1482 1901 1568 prima
1945 1483 2147 1549 animi
2192 1484 2569 1570 ingeniique
2598 1505 2712 1549 ne·

526 1595 683 1673 gata
711 1608 854 1654 sors
880 1595 1005 1666 est,
1038 1585 1397 1651 secundam
1430 1605 1511 1651 ac
1542 1586 1829 1651 mediam
1852 1591 2241 1653 teneamus:
2286 1591 2372 1666 et,
2405 1587 2562 1652 dum
2592 1589 2708 1653 im·

524 1710 756 1777 perare
809 1690 1153 1768 discimus,
1197 1709 1429 1774 parere
1481 1689 1783 1775 prudenti
1833 1690 1903 1754 in
1954 1691 2250 1756 animum
2301 1691 2708 1758 inducamus.

528 1795 764 1860 Castra
814 1814 966 1859 cum
1015 1793 1230 1858 Fabio
1264 1793 1667 1878 jungamus:
1728 1792 1815 1858 ad
1870 1795 2260 1878 praetorium
2313 1793 2463 1878 ejus
2518 1795 2707 1877 signa

526 1917 679 1963 cum
710 1897 1069 1973 tulerimus,
1117 1897 1233 1962 ubi
1285 1916 1411 1981 ego
1460 1916 1612 1962 eum
1661 1903 1996 1981 parentem
2029 1898 2478 1981 appellavero,
2526 1897 2706 1984 quod

523 1999 844 2066 beneficio
874 2000 1018 2087 ejus
1049 2019 1203 2083 erga
1229 2020 1358 2066 nos
1389 2019 1471 2064 ac
1502 2000 1855 2085 majestate
1884 2000 2030 2086 ejus
2053 2007 2079 2037 ²
2104 2001 2370 2084 dignum
2397 2009 2540 2082 est3
2570 2020 2706 2080 voe,

459 2119 468 2128 ·
523 2103 796 2181 milites,
824 2121 964 2182 eoS,
991 2122 1272 2188 quorum
1310 2120 1438 2168 vos
1466 2102 1666 2168 modo
1708 2121 1892 2168 arma
1939 2103 2360 2188 dexteraeque
2389 2110 2707 2182 texerunt,

520 2214 844 2292 patronos
871 2207 1275 2286 salutabitiS,
1304 2213 1390 2287 et,
1420 2208 1482 2274 si
1507 2205 1670 2271 nihil
1704 2206 1914 2284 aliud,
1938 2214 2270 2289 gratorum
2301 2214 2481 2272 certe
2508 2208 2706 2272 nobis

521 2311 889 2376 animorum
921 2310 1198 2394 gloriam
1232 2310 1377 2375 dies
1408 2309 1561 2375 baec
1598 2308 1894 2376 dederit.’

600 2413 712 2478 30.
756 2412 965 2496 Signo
1015 2412 1197 2490 dato,
1245 2413 1700 2477 conclamatur
1745 2412 1922 2491 inde,
1967 2419 2043 2478 ut
2086 2412 2489 2494 colligantur
2522 2428 2707 2479 vasa.

518 2514 822 2580 Profecti
852 2520 918 2581 et
945 2515 1202 2597 agmine
1234 2514 1623 2580 incedentes
1654 2514 1740 2580 ad
1773 2514 2121 2581 dictatoris
2150 2523 2367 2581 castra
2400 2516 2471 2581 in
2497 2516 2707 2581 admi-

515 2618 833 2683 rationem
862 2625 930 2682 et
958 2619 1203 2702 ipsum,
1234 2622 1304 2684 et
1334 2637 1594 2697 omnes„
1623 2621 1739 2704 qui
1779 2619 1958 2684 circa
1987 2625 2194 2697 erant,
2226 2626 2706 2689 converterunt.

519 2718 619 2785 Ut
661 2721 1017 2787 constituta
1060 2727 1208 2786 sunt
1260 2726 1416 2787 ante
1464 2722 1749 2787 tribunal
1805 2724 2043 2804 signa,⁰
2096 2741 2492 2807 progressus
2552 2731 2704 2789 ante

516 2822 686 2888 alios
735 2823 1046 2906 magister
1089 2824 1420 2908 equitum,
1462 2842 1616 2888 cum
1659 2829 1915 2908 patrem
1961 2824 2245 2890 Fabium
2277 2826 2702 2910 appellaaeet,

514 2926 1091 3011 circumfusosque
1129 2927 1411 2990 militum
1453 2926 1604 3011 ejus
1647 2934 1859 2992 totum
1897 2946 2129 3010 agmen
2176 2936 2502 3011 patronos
2544 2948 2700 2995 con-

513 3029 934 3106 salutasset!
977 3033 997 3062 ‘
1030 3027 1477 3109 Parentibus,’
1520 3030 1764 3114 inquit,
1811 3033 1831 3063 ‘
1859 3030 2051 3107 meis»,
2081 3030 2393 3109 dictator,
2422 3030 2698 3117 (quibus

578 3221 599 3248 ⁰
635 3214 890 3278 Postquam
906 3213 1047 3278 sig-m
1066 3213 1297 3265 utiliter-ia
1317 3213 1557 3265 exercitus
1568 3203 2251 3277 Manneianiante'proetoriun
2270 3220 2318 3263 et
2339 3213 2551 3264 tribunal
2564 3211 2701 3264 Fabii

509 3279 896 3394 Ροῗιῗίιῗῧοσυ
926 3345 1133 3396 Minucii
1152 3347 1387 3396 aereum
1404 3345 1583 3395 milites
1616 3342 1758 3394 Fabii
1788 3344 1914 3394 eirea
1948 3346 2226 3408 pretorim
2257 3344 2561 3408 conglobata
2576 3356 2693 3393 oen·

504 3412 723 3474 pennam
737 3406 1043 3475 patronorum
1061 3412 1264 3462 notitiae.

1421 3504 1791 3526 mmm

505 3623 620 3675 Jac.
642 3624 963 3674 (ἵκηαι-1
1001 3625 1043 3675 Δ
1063 3625 1223 3686 feroci
1251 3638 1428 3688 pugna,
1451 3624 1641 3673 omisso
1660 3622 1821 3684 nimiis,
1842 3619 1977 3670 Edd.
2003 3628 2123 3670 ante
2146 3619 2480 3671 (irenem—2
2514 3627 2529 3649 ³
2549 3620 2683 3670 Atre-

506 3702 617 3737 rum
640 3690 738 3750 <ius
761 3699 876 3754 post
894 3690 1138 3751 majestate
1159 3688 1329 3741 forsan
1353 3687 1662 3751 ejiciendum
1681 3703 1697 3748 ς
1732 3694 1789 3737 et
1810 3685 1999 3737 deinde
2024 3687 2122 3749 leg.
2140 3691 2211 3750 ut,
2228 3686 2274 3735 π’
2290 3685 2413 3735 nihil
2429 3686 2559 3735 nli-d
2587 3693 2685 3736 eet.

509 3754 642 3805 Illud
658 3758 765 3819 jam
788 3757 984 3806 monuit
1007 3755 1172 3807 Grou.
1195 3756 1291 3806 boc
1312 3753 1519 3804 Bauer?
1553 3750 1756 3818 Rupert.

1489 3917 1711 3970 NOTAE

501 4018 569 4067 les
589 4031 676 4067 uns
694 4031 745 4067 ee
765 4018 1011 4069 retii-vient
1032 4035 1089 4070 en
1107 4019 1193 4069 bon
1210 4020 1367 4083 ordre,
1382 4020 1448 4069 les
1468 4034 1554 4068 aa·
1622 3993 1744 4067 ‘tele
1769 4014 2025 4065 laudatus.
2076 4011 2204 4062 Noti
2226 4018 2351 4062 suut
2372 4024 2579 4061 vernus:
2610 4008 2684 4060 οὗ·

499 4099 599 4144 tres
639 4109 697 4143 en
731 4108 780 4144 te
813 4096 1010 4145 rulliant
1041 4111 1162 4160 pour
1184 4097 1321 4157 sair-e
1342 4095 1485 4156 frent
1523 4098 1555 4144 ὰ
1633 4109 1719 4142 τος
1736 4091 1826 4154 μὲν
1848 4089 2133 4154 πανάριστος
2150 4087 2206 4138 85
2232 4087 2375 4138 αὐτὸς
2402 4087 2556 4138 πάντα
2583 4085 2683 4145 νή-

498 4169 736 4234 rev-amai,
757 4174 838 4235 &a
1632 4186 1727 4236 σει,
1751 4187 1796 4219 κ.
1827 4187 1875 4219 τ.
1910 4177 1965 4217 λ.
1997 4181 2214 4234 qnorum
2248 4167 2557 4216 sententiam
2579 4163 2681 4215 Cic.

562 4248 580 4280 ⁸
613 4247 736 4297 Eum
761 4249 966 4312 primum
997 4265 1096 4299 esse
1115 4251 1295 4316 virum]
1329 4252 1550 4301 Senten-
1633 4247 1867 4296 imitatus
1917 4253 1999 4295 est
2045 4243 2095 4294 in
2145 4242 2301 4295 Orat.
2344 4258 2441 4308 pro
2485 4242 2680 4295 eluerit.

497 4325 586 4376 tin
609 4325 755 4389 huju·
777 4333 957 4377 auctor
982 4327 1237 4377 Hesiodus
1263 4326 1326 4377 ab
1349 4327 1549 4378 Aristo·
1630 4335 1646 4357 ⁸
1663 4323 2112 4391 Sapientisnimum
2163 4335 2279 4371 esse
2329 4320 2513 4373 dicunt
2552 4329 2677 4380 eun,
