3025 4892
1006 411 1154 459 ms.
1200 409 1409 508 '5¹¹¹‘
1453 410 1619 469 aar.
1657 397 1767 463 59.
2307 399 2480 468 1873

290 555 482 621 simul
507 555 816 622 felicitati
842 562 916 620 et
943 556 1165 622 virtuti
1195 556 1489 624 cedatur.
1558 556 1795 642 Itaque
1825 557 2185 624 redimendi
2211 578 2287 625 se
2314 579 2480 645 cap-

291 659 449 724 tivis
476 660 741 743 copiam
766 658 1005 723 faeere.
1057 677 1060 681 ⁴
1093 658 1392 724 Pretium
1424 658 1569 725 fore
1593 661 1662 726 in
1691 662 1941 745 capita,
1965 661 2176 743 equiti
2201 662 2475 746 quinge-

291 781 418 827 nos
444 762 873 846 quadrigatos
903 764 1235 839 nummos,
1264 768 1569 828 ueceuos
1596 761 1837 847 pediti,
1866 783 2064 830 servo
2093 762 2477 829 centenos.’³

294 862 695 950 Quanquam
719 863 1140 948 aliquantum
1156 864 1597 949 adjiciebatur
1613 866 1953 949 equitibus
1972 864 2059 932 ad
2082 865 2150 931 id
2171 868 2477 950 pretium,

287 966 520 1050 quod⁴
575 965 969 1050 pepigerant
1011 965 1335 1032 dedentes
1376 987 1502 1049 seg
1544 967 1683 1033 laeti
1729 973 1953 1035 tamen
1988 988 2481 1055 quamcumque

291 1067 749 1132 conditionem
778 1068 1166 1152 paciscendi
1196 1078 1625 1152 acceperunt.
1730 1069 1998 1136 Placuit
2029 1070 2346 1154 suffragio
2374 1073 2479 1155 ip-

291 1188 519 1234 sorum
541 1176 565 1217 ⁵
609 1170 845 1234 decem
875 1169 1100 1252 deligi,
1129 1171 1247 1255 qui
1283 1169 1572 1236 Romam
1599 1172 1691 1237 ad
1715 1180 2018 1238 senatum
2048 1174 2240 1238 irent.
2333 1172 2481 1240 Neo

289 1272 537 1356 pignus
562 1272 749 1337 aliud
775 1271 958 1348 fidei,
990 1292 1191 1357 quam
1215 1280 1286 1338 ut
1300 1273 1607 1359 jurarent
1622 1294 1699 1339 se
1725 1274 2077 1353 redituros,
2098 1283 2478 1360 acceptum.

292 1372 553 1438 Missus
599 1393 753 1439 cnm
797 1374 906 1438 his
949 1373 1270 1440 Carthalo
1312 1376 1566 1441 nobilis
1613 1376 2206 1459 Carthaginiensis,
2236 1378 2377 1463 qui,
2420 1380 2482 1443 si

285 1477 457 1542 forte
487 1476 572 1541 ad
597 1496 836 1561 pacem
866 1477 1254 1542 inclinarent
1271 1475 1558 1557 animoS,
1585 1478 2013 1544 conditiones
2040 1478 2265 1544 ferret.
2308 1479 2481 1546 Cum

287 1579 542 1662 egressi
571 1580 815 1644 castris
844 1583 1090 1655 essent,
1120 1596 1291 1643 nnus
1319 1597 1405 1644 ex
1425 1578 1538 1657 iis,
1567 1579 1841 1645 minime
1868 1579 2162 1646 Romani
2195 1582 2485 1663 ingenii*

286 1682 515 1758 homo,
549 1683 732 1747 velut
761 1681 1015 1767 aliquid
1039 1679 1346 1760 oblitus,⁶
1372 1682 1545 1766 juris
1561 1682 1837 1765 jurandi
1867 1684 2178 1750 solvendi
2202 1681 2228 1720 ¹¹
2272 1704 2481 1751 cansa

288 1806 447 1851 cum
470 1786 540 1850 in
558 1790 777 1850 castra
796 1785 1100 1863 redisset,
1123 1793 1276 1851 ante
1293 1794 1562 1851 noctem
1588 1787 1872 1852 comites
1890 1788 2298 1872 assequitur.
2344 1786 2484 1853 Ubi

289 1909 419 1954 eos
450 1887 737 1954 Romam
768 1889 988 1954 venire
1016 1890 1392 1955 nuntiatum
1421 1895 1551 1968 est,
1578 1890 1960 1958 Carthaloni
1991 1893 2262 1958 obviam
2292 1890 2489 1957 lictor

289 1992 566 2071 miserm,
617 1993 738 2079 qui
797 1992 1147 2059 dictatoris
1207 1993 1437 2058 verbis
1484 1993 1845 2075 nuntiaret,
1889 2002 1967 2061 ut
2017 2002 2170 2060 ante
2217 2000 2484 2060 noctem

290 2095 656 2161 excederet
679 2095 926 2162 finibus
955 2094 1311 2162 Romanis.

375 2198 492 2261 69.
537 2198 808 2282 Lessatis
836 2199 1253 2282 captivorum
1298 2200 1569 2262 senatus
1614 2198 1702 2262 ab
1747 2196 2074 2262 dictatore
2113 2196 2315 2263 datus
2355 2205 2488 2262 est.

292 2297 603 2378 Quorum
646 2302 958 2386 princeps
1004 2299 1107 2367 M.
1153 2300 1200 2366 J
1205 2299 1425 2379 nnius,
1475 2298 1755 2365 ‘Patres
1796 2297 2208 2383 conscripti,’
2247 2300 2487 2384 inquit,

293 2405 316 2438 ‘
344 2422 549 2469 nemo
594 2411 892 2471 nostrum
937 2404 1251 2487 ignorat,⁷
1321 2403 1492 2468 nulli
1541 2422 1840 2487 unquam
1893 2401 2156 2468 civitati
2213 2401 2487 2468 viliores

291 2505 513 2571 fnisse
559 2508 889 2591 captivos,
928 2528 1128 2592 quam
1176 2514 1448 2573 nostrae.
1535 2504 1867 2586 Ceterum,
1915 2505 2045 2570 nisi
2092 2504 2289 2571 nobis
2332 2505 2487 2589 plns

284 2607 485 2692 justo
515 2617 745 2675 nostra
774 2609 999 2694 placet
1027 2628 1265 2690 cansa,
1292 2628 1424 2674 non
1455 2608 1575 2673 alii
1605 2627 1904 2692 unquam
1922 2608 2142 2673 minus
2159 2608 2486 2691 negligen-

293 2710 367 2777 di
397 2712 615 2790 vobis,
637 2721 837 2796 quam
866 2731 1018 2791 nos,
1044 2712 1113 2776 in
1144 2711 1434 2776 hostium
1462 2713 1865 2794 potestatem
1893 2717 2240 2776 venerunt.
2329 2708 2490 2776 Non

295 2814 475 2878 enim
506 2815 573 2879 in
601 2814 749 2881 acie
779 2835 898 2900 per
926 2813 1230 2879 timorem
1251 2832 1435 2878 arma
1451 2810 1888 2891 tradidimus3
1921 2811 2066 2891 sed,
2088 2830 2241 2878 cum
2273 2830 2490 2896 prope

297 2915 386 2981 ad
419 2929 686 2982 noctem
726 2920 1181 3001 superstantes
1217 2914 1505 2981 cumulis
1551 2933 1877 2980 caesorum
1920 2932 2270 2998 corporum
2320 2934 2489 2998 prae-

294 3018 465 3084 lium
512 3020 1066 3096 extraxissemns,
1099 3017 1169 3081 in
1217 3022 1440 3081 castra
1483 3015 1862 3098 recepimus
1912 3034 2059 3080 nos.
2145 3014 2306 3081 Diei
2343 3013 2494 3081 reli-

296 3140 507 3204 quum
538 3141 619 3186 ac
648 3129 914 3187 noctem
943 3122 1428 3204 insequentem,
1478 3117 1647 3183 sessi
1693 3118 1925 3183 labore
1954 3136 2036 3183 ac
2083 3119 2490 3196 vainei-ibae,

293 3223 552 3289 vallum
577 3243 807 3288 sumus
835 3222 1056 3288 tutati.
1143 3219 1425 3287 Postero
1457 3219 1593 3299 die,
1619 3239 1771 3284 cum
1807 3220 2228 3286 circumsessi
2255 3222 2340 3286 ab
2370 3240 2490 3284 ex-

297 3327 512 3392 ercitu
545 3325 802 3390 victore
833 3345 1012 3409 aqua
1035 3341 1431 3400 arceremur,
1455 3341 1583 3389 nec
1610 3321 1753 3386 nlla
1769 3320 1912 3406 jam
1956 3342 2069 3407 per
2099 3321 2438 3388 confertos
2461 3318 2486 3361 ⁸

295 3427 539 3498 hostes
582 3427 969 3524 erumpendi
1019 3445 1177 3514 spes
1218 3432 1421 3503 esset,
1469 3443 1595 3491 uec
1632 3442 1786 3489 esse
1834 3425 2020 3488 nefas
2072 3423 2492 3503 duceremnS,

1214 3587 1397 3610 m
1401 3590 1424 3609 Ι
1429 3587 1580 3609 00000

303 3689 457 3741 abent
479 3705 494 3740 ε
527 3694 803 3754 segregatos
817 3689 967 3739 mian
983 3689 1121 3753 conj·
1141 3690 1195 3742 J.
1220 3690 1277 3741 F.
1301 3688 1566 3739 orem-⁸
1601 3688 1617 3718 ‘
1637 3687 1788 3737 Sem
1806 3694 2027 3738 centeno·
2049 3703 2143 3752 pro
2166 3687 2305 3751 vulg.
2324 3702 2366 3737 ο.
2386 3703 2493 3738 een·

300 3761 406 3805 aaa
426 3769 492 3804 ex
525 3767 631 3805 ver.
669 3755 803 3803 libre
831 3757 1010 3819 Sigon.
1044 3755 1253 3818 recept.²
1287 3754 1496 3818 Πειρη-θ.
1570 3753 1806 3804 Centeno·
1839 3753 2113 3815 legendnm
2139 3760 2313 3802 monet
2335 3755 2492 3803 ettam

299 3821 598 3870 &rothe-⁴
630 3820 855 3869 ‘Melior
889 3819 1015 3882 quo!
1047 3821 1099 3874 J·
1138 3821 1199 3869 F.
1243 3819 1573 3870 Gronov-5
1609 3818 1695 3868 ΑΙ.
1732 3823 2008 3869 eorum—6
2042 3819 2199 3869 Ῥιιῑ.
2236 3819 2364 3870 celet
2384 3819 2495 3868 iun

301 3886 490 3949 aliquid
511 3884 701 3936 oblitu.
765 3883 851 3934 An
873 3883 1031 3933 ωιτν
1061 3884 1118 3937 J.
1144 3885 1205 3935 F.
1229 3884 1461 3935 Gronov.

1286 4027 1502 4084 NOTAE

370 4139 398 4176 r
448 4130 652 4182 Minimus
688 4130 893 4181 mmai
931 4127 1141 4192 intenti]
1190 4126 1362 4180 Aliter
1439 4126 1607 4178 raudo
1639 4139 1699 4176 se
1730 4126 1954 4178 solutum
1989 4124 2228 4192 putabat,
2260 4131 2317 4175 et
2347 4126 2496 4175 ‘erat

300 4222 434 4258 sane
458 4208 620 4272 primo
642 4207 837 4258 Punico
859 4206 995 4257 bello
1018 4205 1264 4268 Regulus.
1441 4204 1637 4264 verbis,
1655 4218 1714 4256 re
1736 4217 1837 4254 nou
1858 4203 2011 4270 erat,'
2046 4205 2118 4254 ait
2141 4204 2327 4256 Cicero
2350 4202 2436 4252 lib.
2460 4215 2502 4252 ι.

375 4282 400 4317 *
429 4285 569 4335 aare
582 4281 1025 4347 jurandiooloeuai]
1054 4281 1141 4332 Sic
1156 4281 1361 4345 jureju·
1441 4280 1510 4332 (le
1532 4278 1755 4334 Officiis.
