3025 4892
493 356 669 424 1522

1464 369 1532 418 T.
1583 369 1769 419 lell

897 524 998 580 42.
1041 515 1216 577 Idem
1239 534 1427 575 annus
1450 515 1533 574 rei
1568 534 1709 574 sane
1747 512 1994 586 crudeli,
2021 512 2127 574 sed
2152 533 2292 573 mox
2320 515 2713 596 intemperan-

815 612 1031 674 tissime
1058 622 1371 694 usurpatae,
1402 612 1629 672 initium
1671 610 1893 683 attulit,
1935 619 2002 671 ut
2040 611 2276 690 sanguis
2309 611 2616 682 humanus,
2654 612 2715 671 in

730 755 745 770 .
816 710 1064 790 gratiam
1088 709 1364 771 levissimi
1388 710 1671 790 cujusque
1696 709 2040 790 spectatoris
2055 707 2278 767 affatim
2299 707 2480 779 fusus,
2504 708 2715 789 volup-

817 817 910 868 tas
934 807 1173 889 publica
1191 806 1375 867 fieret.
1465 806 1716 866 Barbari
1742 805 1916 865 moris
1941 814 2209 865 auctores
2236 804 2329 863 Μ.
2357 815 2419 865 et
2437 805 2519 866 D.
2546 804 2713 866 Junii

685 952 701 967 .
718 866 792 898 δι’
821 903 1016 976 Bruti,
1036 904 1229 965 nescio
1249 924 1368 984 qua
1383 905 1607 985 pietate
1624 902 1884 963 defuncti
1913 902 2094 983 patris
2116 902 2338 961 cineres
2350 901 2714 975 bonoraturi,

816 1000 1229 1081 gladiatorium
1281 1021 1488 1060 munus
1536 999 1866 1070 ediderunt,
1918 1018 2133 1078 magno
2184 998 2382 1058 favore
2425 999 2715 1058 civitatis.

816 1097 941 1158 Sed
976 1098 1129 1158 banc
1164 1097 1544 1158 humanitatis
1584 1097 1858 1177 injuriam
1906 1096 2033 1156 ulta
2076 1094 2412 1177 pestilentia
2434 1105 2545 1167 est,
2578 1115 2715 1176 quae

655 1227 731 1264 xv,
775 1247 790 1264 .
816 1216 918 1277 per
945 1196 1117 1255 istum
1134 1205 1196 1256 et
1210 1204 1548 1276 sequentem
1565 1213 1779 1255 annum
1797 1194 2154 1254 atrocissime
2171 1192 2359 1253 saeviit
2378 1212 2393 1251 ε
2435 1192 2515 1252 ob
2533 1213 2715 1273 quam

488 2270 659 2350 Zonar.

813 1312 950 1353 cum
978 1291 1306 1374 Sibyllinos
1330 1292 1509 1351 libros
1534 1290 1683 1351 adiri
1705 1289 2041 1372 placuioeet,
2063 1290 2151 1350 ira
2176 1288 2373 1350 Deum
2399 1289 2715 1349 immissam

812 1410 940 1449 esse
964 1398 1275 1470 repertum.
1363 1388 1524 1467 Ergo
1549 1387 1873 1466 religiones
1895 1387 2159 1468 profecto
2190 1407 2394 1468 parum
2420 1396 2582 1446 caste
2607 1387 2715 1446 ba-

813 1486 937 1545 beri
977 1485 1303 1567 suspicione
1346 1493 1495 1555 orta,
1540 1483 1845 1566 pontifices
1883 1483 2223 1564 diligentius
2255 1482 2622 1545 observando
2652 1493 2716 1544 et

711 1620 739 1653 Θ
814 1582 1179 1663 inquirende,
1224 1582 1477 1664 plurima
1510 1581 1734 1641 sacella
1776 1581 2032 1662 fanaque
2076 1602 2115 1643 a
2155 1582 2400 1663 privatis
2422 1591 2717 1663 occupata

814 1700 939 1741 esse
964 1681 1326 1752 invenerunt,
1348 1689 1410 1740 et
1436 1678 1874 1760 Capparoniam
1899 1699 1976 1739 ex
2003 1678 2350 1740 Vestalibus
2372 1679 2577 1738 incesti
2600 1679 2717 1739 cri·

814 1778 970 1839 mine
994 1778 1196 1838 teneri.
1283 1776 1405 1837 Sed
1429 1775 1539 1836 illa
1562 1774 1702 1835 dum
1738 1796 1841 1836 rea
1882 1778 2197 1857 peragitur,
2223 1774 2536 1857 suspendio
2562 1795 2712 1855 prae-

813 1875 978 1936 venit
999 1874 1387 1956 supplicium:
1432 1874 1494 1933 in
1528 1882 1922 1956 corruptorem
1963 1875 2092 1953 ejus
2117 1873 2495 1952 consciosque
2518 1892 2717 1952 servos

814 1971 1040 2050 legibus
1066 1970 1530 2031 animadversum
1558 1979 1667 2031 est.
1752 1969 1915 2032 Loca
1937 1990 2103 2031 sacra
2125 1991 2204 2031 ex
2229 1971 2589 2051 privatorum
2624 1978 2714 2030 te-

814 2068 1081 2128 meritate
1106 2067 1312 2149 priscis
1329 2068 1531 2128 usibus
1550 2066 1870 2128 vindicata.

894 2171 995 2224 43.
1039 2163 1144 2224 Sic
1179 2163 1450 2224 exsoluta
1495 2163 1875 2242 religionibus
1913 2166 2153 2226 civitate
2197 2165 2418 2225 Patres
2451 2164 2714 2224 animum

812 2280 1004 2320 rursus
1018 2259 1094 2319 ad
1115 2259 1454 2341 reipublicae
1474 2281 1675 2322 curam
1696 2261 2044 2322 retulerunt:
2071 2270 2133 2322 et
2151 2262 2453 2341 quoniam,
2473 2260 2716 2321 Etruria

802 2360 936 2437 jam
962 2359 1195 2438 pacata,
1224 2355 1371 2417 nihil
1399 2358 1458 2417 in
1490 2357 1675 2418 Italia
1714 2358 1922 2439 reliqui
1951 2368 2143 2420 motus
2166 2366 2315 2428 erat,
2345 2358 2549 2418 ambos
2572 2358 2712 2418 anni

812 2454 982 2514 novi⁴
1020 2452 1285 2515 consules
1309 2454 1369 2513 in
1400 2453 1671 2515 Siciliam
1706 2475 1839 2515 cum
1874 2454 2203 2534 legionibus
2223 2453 2546 2533 transgredi
2583 2452 2713 2535 pla-

488 2565 788 2631 Fssticspit.
810 2552 955 2611 cuit.
1039 2550 1303 2611 Fuerunt
1341 2552 1403 2611 hi
1448 2551 1560 2611 M’.
1590 2551 1873 2612 Valerius
1901 2552 1993 2613 M.
2026 2551 2096 2611 F.
2129 2551 2221 2612 M.
2251 2550 2341 2612 N.
2380 2550 2713 2623 Maximus,

813 2649 917 2727 qui
947 2649 1008 2707 in
1034 2648 1146 2708 hoc
1172 2647 1392 2709 honore
1417 2647 1704 2709 Messalla
1723 2648 2054 2730 appellatus
2067 2657 2176 2720 est,
2197 2657 2259 2708 et
2277 2648 2389 2709 Μ’.
2414 2648 2716 2708 Otacilius

715 2739 720 2744 ’
814 2743 1188 2806 c.F.M.N.
1205 2746 1472 2806 Crassus.
1533 2744 1642 2805 Ab
1669 2746 1760 2804 his
1778 2755 2196 2827 transportatas
2220 2765 2490 2827 prospere
2507 2747 2716 2827 copias

521 2857 789 2909 mmm,
811 2839 1016 2899 eadem
1048 2841 1108 2900 in
1127 2841 1302 2900 rebus
1317 2841 1589 2920 gerendis
1613 2851 1920 2923 prosecuta
1943 2842 2199 2903 felicitas
2221 2851 2329 2902 est.
2371 2841 2527 2903 Cum
2552 2844 2711 2904 enim

485 2923 520 2970 l.
545 2938 710 2972 xxm.

484 3252 655 3302 Zonar.

483 3632 633 3682 Diod.

483 3922 621 3974 Entr.
642 3922 678 3971 1.
705 3937 768 3972 ιι.

480 4086 633 4140 Diod.

821 2933 1242 2996 Adranitarum
1267 2938 1410 2997 urbe
1435 2947 1569 3019 post
1591 2938 1826 2999 brevem
1846 2938 2206 2999 obsidionem
2234 2960 2340 3021 per
2360 2941 2480 3000 vim
2508 2949 2710 3021 capta,

815 3031 1230 3113 Centuripinos
1263 3034 1761 3106 circumsiderent,
1789 3045 2071 3097 venerunt
2115 3036 2194 3096 ab
2219 3034 2505 3097 Alminis
2530 3035 2709 3117 legati

811 3126 1092 3208 oppidum
1132 3150 1303 3190 suum
1344 3130 1644 3193 dedenteS.
1728 3131 1881 3192 Inde
1921 3132 2189 3192 consules
2217 3132 2479 3194 diversas
2502 3133 2710 3194 insule

810 3232 1005 3305 partes
1042 3226 1336 3299 obeundo,
1380 3226 1559 3289 modo
1600 3228 1828 3300 divisis,
1864 3228 2040 3290 modo
2073 3231 2301 3309 junctis
2326 3231 2713 3303 exercitibus,

810 3331 876 3384 ut
915 3342 1006 3381 res
1048 3331 1111 3382 et
1149 3326 1298 3384 ratio
1337 3324 1646 3397 suadebat,
1698 3324 1907 3386 Poenis
1942 3325 2442 3408 Syracusanisque
2477 3329 2711 3407 quoties

808 3418 1086 3497 congredi
1132 3429 1299 3480 erant
1343 3423 1471 3481 ausi
1519 3421 1866 3503 profligatis,
1909 3432 2185 3484 terrorem
2226 3423 2561 3506 famamque
2588 3424 2709 3485 late

808 3535 1103 3595 sparsere:
1146 3523 1430 3598 tantaque
1456 3517 1751 3579 fortunam
1782 3521 2150 3600 sequentium
2173 3520 2452 3593 facilitas,
2480 3531 2707 3583 tantais·

808 3631 924 3691 que
953 3612 1201 3693 impetus
1224 3613 1362 3686 fuit,
1385 3624 1451 3674 ut
1475 3615 1656 3696 paulo
1681 3626 1812 3697 post
1836 3616 2060 3698 oppida
2082 3617 2240 3678 haud
2266 3620 2459 3679 minus
2481 3631 2708 3704 septem

807 3717 871 3770 et
895 3710 1205 3788 sexaginta
1231 3721 1685 3783 numerarentur,
1723 3734 1858 3794 quoe
1899 3713 2193 3774 Romanae
2234 3714 2375 3777 fidei
2401 3738 2464 3777 se
2490 3723 2707 3800 permi-

806 3815 1034 3866 serant:
1079 3827 1198 3886 quo
1227 3808 1287 3867 in
1312 3828 1556 3870 numero
1580 3808 2061 3873 Tauromenitani
2083 3833 2318 3894 quoque
2338 3823 2401 3875 et
2417 3815 2702 3878 Catinen-

806 3921 898 3962 ses
919 3901 1099 3963 fuere.

827 4065 834 4074 ⁸
889 4005 989 4058 44.
1036 3998 1218 4060 Unde
1257 4001 1527 4062 consules
1566 4003 1885 4084 imperatis,
1931 4025 2067 4085 quae
2107 4005 2408 4079 volebant,
2463 4010 2706 4074 auxiliis

808 4095 1072 4176 quotidie
1097 4096 1432 4169 validiores,
1460 4098 1537 4158 ad
1562 4102 1719 4180 ipsas
1743 4103 1877 4181 jam
1921 4100 2241 4182 Syracusas
2272 4115 2466 4167 castra
2490 4128 2703 4189 ponere

1387 4316 1408 4344 θ
1439 4307 1503 4360 Α.
1521 4308 1588 4360 U.
1610 4308 1670 4360 C.
1690 4313 1806 4361 48⁰.
1840 4311 1903 4364 Α.
1927 4311 1988 4363 C.
2010 4314 2125 4366 2⁰³.
