3025 4892
561 1405 675 1454 Sen.
700 1406 763 1454 de

528 1467 701 1519 Renes.
723 1484 794 1519 n.

1500 376 1572 428 Τ.
1618 378 1812 426 mvn

933 521 1041 576 42.
1079 514 1313 597 ‘Atqui
1361 514 1592 595 legibus
1627 518 1897 601 profecto
1940 538 2056 582 non
2097 518 2260 582 facta
2307 522 2516 603 magis,
2572 539 2753 606 quam

848 611 1156 676 consilium
1191 621 1255 672 et
1298 614 1525 674 animus
1571 616 1857 697 patrantis
1896 618 2249 699 puniuntur:
2291 640 2479 702 neque
2520 622 2686 683 enim
2705 623 2757 684 si

851 710 995 792 quid
1026 709 1276 770 furiosus
1322 719 1427 771 aut
1464 711 1659 773 infans
1708 713 1932 787 nocuit,
1958 718 2098 796 jure
2124 713 2403 778 adversus
2444 738 2583 778 eum
2621 740 2756 801 pro-

849 807 980 868 dita
1001 815 1092 868 est
1114 808 1312 869 actio:
1356 810 1539 869 animi
1580 829 1720 872 vero
1744 813 2031 894 cujusque
2073 812 2273 874 multis
2315 815 2374 874 in
2418 816 2614 876 causis
2639 837 2756 877 non

850 906 1045 966 minus
1068 913 1230 965 certa
1253 925 1332 965 ex
1357 906 1575 979 verbis,
1602 928 1783 988 quam
1809 928 1893 969 ex.
1908 909 2185 989 operibus
2209 910 2431 974 indicia
2457 921 2758 994 petuntur.

851 1003 1010 1071 Quae
1034 1003 1118 1063 sic
1143 1012 1333 1086 optat,
1361 1004 1508 1085 quid
1535 1004 1780 1078 faceret,
1806 1006 1856 1066 si
1901 1006 2097 1068 facere
2124 1008 2286 1089 quod
2324 1018 2514 1091 optet,
2543 1010 2604 1070 in
2630 1014 2763 1092 ejus

848 1120 1025 1161 manu
1051 1110 1237 1161 esset.
1219 1101 1244 1146 Ῥ
1298 1100 1485 1169 Quod
1526 1103 1575 1163 si
1623 1102 1871 1164 aliorum
1918 1123 2154 1186 quoque
2192 1106 2498 1167 hominum
2521 1108 2761 1186 judicia

848 1217 967 1258 non
991 1201 1436 1273 contemnimus,
1465 1201 1600 1279 (cur
1624 1209 1821 1261 autem
1857 1211 2299 1264 contemnamus
2316 1205 2368 1281 ’.7)
2403 1205 2586 1264 etiam
2614 1204 2761 1265 alibi

851 1314 957 1375 pro
995 1295 1214 1356 scelere
1259 1297 1527 1358 habitum
1570 1297 2052 1380 vindicatumque
2101 1310 2192 1360 est
2235 1301 2479 1382 impium
2532 1311 2760 1363 votum.

852 1391 1132 1466 Athenis,
1161 1413 1295 1474 quae
1323 1393 1579 1456 Graeciae
1610 1397 1822 1457 civitas
1847 1417 1967 1478 prae
1998 1396 2209 1458 ceteris
2232 1399 2540 1480 sapientiae
2565 1398 2760 1459 laudi-

851 1488 962 1548 bus
984 1489 1148 1550 clara
1173 1491 1448 1565 habetur,
1484 1492 1798 1554 damnatus
1821 1504 1912 1556 est
1933 1494 2037 1576 qui
2068 1514 2348 1575 magnum
2375 1494 2604 1555 lucrum
2650 1516 2756 1576 op-

850 1593 1101 1659 taverat,
1147 1608 1284 1649 cum
1334 1591 1666 1650 necessaria
1731 1590 2032 1652 funeribus
2096 1590 2372 1654 curandis
2436 1590 2757 1652 venderet:

850 1682 1012 1764 quod
1051 1687 1330 1766 consequi
1358 1707 1527 1767 posse
1573 1707 1692 1748 non
1737 1688 2067 1760 videbatur,
2115 1688 2226 1748 nisi
2270 1687 2440 1748 multi
2482 1687 2763 1750 mortales

849 1780 1197 1843 interissent.
1284 1782 1370 1844 Et
1393 1793 1590 1845 tamen
1617 1784 1735 1845 illis
1760 1785 1820 1844 in
1848 1786 2041 1847 verbis
2066 1785 2264 1847 locum
2287 1785 2506 1846 habere
2529 1792 2762 1867 poterat

852 1879 1047 1940 mitior
1075 1881 1479 1962 interpretatio
1505 1903 1520 1942 ε
1562 1883 1693 1944 hoec
1727 1903 1844 1943 non
1883 1882 2180 1963 ambigue,
2228 1903 2416 1964 neque
2451 1881 2759 1968 perplexe,

851 1976 1099 2037 exitium
1123 1979 1375 2051 civibus,
1397 1978 1630 2040 cladem
1652 1980 1961 2051 exercitui,
1988 1978 2392 2040 calamitatem
2416 1979 2768 2060 reipublicae

849 2074 1100 2154 optavit.
1192 2077 1438 2138 Utinam
1447 2077 1667 2157 frater
1681 2098 1840 2139 meus
1859 2078 2274 2139 revivisceret!
2315 2085 2522 2138 votum
2542 2077 2760 2159 impro-

848 2170 1015 2244 bum,
1040 2173 1221 2232 etiam
1247 2173 1298 2232 si
1323 2172 1519 2234 fratris
1545 2194 1729 2237 causa
1753 2175 1839 2235 sic
1864 2175 2208 2257 optavisset.

929 2275 1032 2330 43.
1076 2279 1095 2305 ‘
1121 2269 1247 2329 Cur
1272 2270 1428 2331 enim
1455 2270 1543 2330 illi
1572 2270 1876 2333 reddenda
1903 2271 2027 2333 vita
2051 2280 2225 2342 esset,
2266 2271 2439 2349 cujus
2461 2290 2648 2352 opera
2670 2279 2760 2330 tot

850 2364 1070 2425 civium
1095 2366 1359 2428 millibus
1384 2376 1590 2450 erepta
1614 2368 1746 2428 est?
1802 2369 1904 2449 qui
1947 2367 2377 2450 rempublicam
2421 2388 2539 2428 non
2569 2368 2759 2428 minus

854 2484 956 2544 per
979 2466 1314 2548 superbiam
1339 2466 1638 2548 despexit,
1663 2486 1842 2547 quam
1867 2488 1973 2548 per
1998 2466 2385 2527 temeritatem
2427 2461 2760 2526 afflixerat?

852 2563 957 2642 qui
1003 2563 1443 2643 praedamnatus
1468 2565 1730 2624 omnium
1765 2564 2067 2624 hominum
2092 2562 2413 2634 sententiis,
2445 2581 2574 2624 non
2605 2560 2756 2622 iufa-

853 2658 1032 2718 miam
1068 2661 1199 2740 ejus'
1224 2661 1470 2742 judicii,
1499 2661 1606 2722 sed
1649 2680 1882 2744 poenam
1906 2681 2048 2721 casu
2074 2659 2325 2739 effugit?
2368 2659 2559 2719 Hunc
2595 2667 2684 2729 tu,
2709 2659 2756 2717 si

852 2774 1110 2837 saperes,
1156 2767 1391 2839 optares
1434 2758 1817 2820 reviviscere!
1859 2759 2035 2838 cujus
2076 2757 2126 2816 si
2167 2757 2508 2817 memoriam
2550 2754 2755 2816 eodem

854 2852 1085 2913 tumulo
1108 2854 1393 2934 potuisses
1417 2856 1686 2927 obruere,
1714 2874 1834 2936 quo
1857 2855 2081 2915 cineres
2116 2854 2245 2933 ejus
2283 2861 2579 2932 teguntur,
2616 2849 2756 2911 nihil

854 2949 1157 3030 antiquius
1180 2950 1398 3010 habere
1423 2950 1743 3012 debuisses.
1789 2949 2308 3019 Quemadmodum
2333 2948 2490 3009 enim
2516 2948 2756 3009 fratrum

853 3044 1217 3122 egregiorum
1241 3045 1405 3105 fama
1430 3046 1566 3107 alia‘.
1591 3056 1875 3109 matronae
1907 3068 2022 3108 non
2066 3047 2260 3129 inepte
2300 3045 2649 3125 gloriantur,
2677 3045 2760 3104 im

853 3140 964 3201 tibi
988 3139 1088 3201 hic
1109 3141 1320 3222 pudori
1342 3152 1517 3216 esset,
1540 3144 1589 3204 si
1616 3146 1934 3226 quicquam
1958 3144 2117 3225 apud
2146 3153 2207 3204 te
2233 3143 2475 3225 pudoris
2497 3162 2754 3202 remane-

854 3247 962 3299 ret.
1051 3237 1174 3301 Sed
1228 3241 1597 3319 ignoscamus
1636 3242 1889 3303 foeminae
1935 3239 2143 3314 nobili,
2198 3240 2248 3300 si
2289 3239 2531 3300 fratrem
2581 3237 2757 3299 stulte

851 3334 1134 3409 fortassis,
1162 3337 1268 3398 sed
1293 3346 1492 3399 tamen
1523 3340 1619 3420 pie
1646 3338 2043 3400 desideravit:
2087 3338 2268 3398 immo
2291 3335 2582 3397 absolvite
2601 3355 2755 3405 eam,

848 3432 896 3492 si
926 3443 1048 3493 tam
1096 3433 1349 3495 insolens
1394 3436 1772 3519 ineptumque
1819 3443 2045 3508 votum,
2089 3455 2269 3517 quam
2308 3454 2491 3495 causa
2512 3429 2757 3514 optandi

850 3529 1264 3592 abominabilis
1282 3533 1412 3593 fuit.
1497 3533 1625 3595 Cur
1649 3535 1808 3595 enim
1833 3533 2071 3595 voluisti
2096 3531 2335 3592 fratrem
2371 3528 2756 3591 reviviscere?

848 3635 917 3686 ut
943 3636 1215 3710 aspectus
1241 3631 1557 3712 propinqui
1601 3631 1849 3691 hominis
1878 3640 1936 3690 te
1963 3629 2298 3690 recrearet?
2338 3635 2405 3688 ut
2427 3647 2608 3708 opera
2630 3623 2758 3706 ejus

848 3724 1115 3798 utilitati,
1158 3729 1478 3788 auctoritas
1521 3727 1813 3809 praesidio,
1858 3726 2107 3786 honores
2147 3733 2489 3786 ornamento
2528 3721 2756 3784 efflent?

846 3818 1027 3882 Nihil
1055 3823 1282 3884 horum.
1369 3824 1537 3891 Quid
1565 3824 1784 3904 igitur?
1834 3825 1916 3887 Ut
1957 3826 2174 3886 iterum
2216 3821 2458 3883 classen·
2497 3819 2751 3882 dumet·

849 3913 996 3979 Hoc
1022 3920 1178 3979 enim
1203 3930 1352 3991 erat,
1380 3940 1418 3981 o
1459 3921 1931 3983 scelestissimum
1957 3930 2161 4002 caput,
2204 3940 2331 3991 cur,
2361 3927 2648 4000 quantum
2693 3916 2746 3976 in

846 4021 904 4074 te
931 4014 1064 4088 fuit,
1092 4018 1376 4078 suscitare
1403 4027 1681 4092 mortuos,
1705 4027 1972 4079 naturam
1998 4018 2055 4078 in
2084 4015 2350 4078 ordinem
2385 4036 2620 4096 cogere,
2648 4014 2748 4074 In-

844 4111 1098 4176 ferorum
1123 4115 1435 4196 refringere
1455 4118 1714 4181 claustra
1731 4120 2029 4202 cupivisti,
2048 4129 2113 4179 ut
2137 4119 2441 4201 reperires,
2459 4139 2564 4202 per
2579 4137 2746 4200 quem

844 4212 1167 4291 periremus
1183 4214 1207 4272 ’ἲ

928 4316 1026 4368 44.
1073 4323 1088 4346 ‘
1118 4309 1278 4372 Haec
1308 4322 1416 4384 est,
1447 4313 1732 4386 Quirites,
1762 4317 1931 4396 cujus
1961 4313 2215 4375 misereri
2247 4334 2349 4374 vos
2358 4312 2599 4392 jubent,
2627 4305 2748 4391 qus,
