3025 4892
491 337 663 405 1574

486 984 632 1034 Diod.

487 1376 658 1442 Polyb.

486 2341 662 2408 Polyb.

1436 352 1507 402 '1’-
1556 352 1750 403 lell

809 497 1031 559 bellum
1058 499 1118 558 in
1145 495 1356 559 Sicilia
1379 496 1781 558 administrare
1795 497 2015 578 jussus.
2091 495 2439 558 Hasdrubal
2465 495 2717 558 alterum

811 615 890 656 ex
934 595 1226 657 Romanis
1264 595 1513 656 ducibus
1551 614 1688 655 cum
1724 593 1969 654 dimidia
2009 603 2175 675 parte
2216 595 2427 656 virium
2465 593 2717 655 abiviaee

810 711 1072 764 cerneus,
1099 711 1411 773 secumque
1456 701 1734 773 reputans
1763 692 1897 771 jam
1937 711 1976 752 a
2019 691 2194 771 longo
2218 700 2500 773 tempore,
2526 710 2716 770 qnan-

814 809 994 870 quam
1034 790 1328 854 instructae
1367 809 1444 849 ex
1486 788 1734 850 adverso
1775 790 1934 850 acies
1965 797 2180 859 essent,
2205 787 2517 848 Romanos
2554 795 2716 847 metu

813 895 1121 953 cunctatus
1159 885 1359 959 fuisoe,
1384 905 1521 949 cum
1550 887 1685 966 jam
1719 905 1911 965 neque
1949 905 2126 947 voces
2164 905 2421 957 suorum,
2447 884 2551 965 qni
2582 903 2716 963 seg-

818 984 1020 1044 nitiem
1068 985 1198 1063 ejus
1246 984 1649 1065 increpabant,
1702 982 1924 1045 diutius
1975 983 2123 1044 ferre
2176 990 2393 1064 ponet,
2446 981 2721 1042 omuibus

813 1098 950 1140 cum
989 1082 1177 1163 copiis
1217 1080 1487 1162 Lilybaeo
1528 1100 1810 1161 egressus,
1845 1079 2072 1141 difficili
2112 1100 2217 1161 per
2258 1077 2719 1140 Selinuntiorum

813 1173 960 1238 fines
999 1178 1229 1250 itinere,
1257 1178 1748 1240 Panormitanum
1789 1198 1993 1258 agrum
2035 1177 2257 1257 attigit,
2282 1177 2484 1257 ibique
2521 1184 2721 1236 castra

812 1283 1063 1335 metatus
1085 1285 1193 1336 est.

894 1378 993 1431 51.
1048 1371 1225 1433 Forte
1277 1371 1566 1433 Panormi
1620 1392 1757 1433 cum
1815 1372 2078 1433 exercitu
2128 1370 2356 1451 reliquo
2408 1367 2717 1451 proconsul

813 1469 1050 1549 agebat,
1079 1478 1166 1540 ut,
1193 1476 1395 1530 aestate
1425 1471 1561 1549 jam
1604 1468 1834 1541 adulta,
1859 1469 2033 1530 sociis
2074 1468 2153 1529 ad
2186 1466 2567 1529 demetendus
2596 1466 2717 1525 fru-

813 1586 915 1648 ges
953 1565 1407 1645 condendasque
1450 1565 1721 1648 praesidio
1766 1575 1939 1628 esset.
2039 1565 2170 1628 Hic
2215 1564 2418 1626 audito
2460 1564 2717 1624 hostium

812 1661 1208 1745 speculatores
1245 1661 1509 1723 occultos
1551 1662 1841 1724 Panormi
1883 1663 2118 1743 degere,
2168 1663 2464 1724 universos
2505 1660 2608 1740 qni
2658 1660 2717 1719 in

815 1762 956 1821 urbe
996 1769 1190 1820 efflent
1213 1758 1531 1841 procedere
1565 1761 1626 1820 in
1656 1760 1999 1823 concionem
2012 1761 2226 1841 jussit:
2267 1758 2484 1832 deinde
2510 1756 2719 1838 praeci·

811 1857 980 1938 piens
1030 1866 1098 1917 ut
1141 1876 1266 1917 sese
1316 1866 1520 1917 mutuo
1581 1857 2005 1938 prehenderent
2059 1857 2320 1937 rogando
2372 1855 2719 1935 ignotiorem

812 1973 1126 2035 quemque,
1153 1955 1286 2034 quis
1308 1963 1481 2025 esset,
1508 1963 1615 2014 aut
1637 1955 1809 2033 cujus
1830 1955 1916 2015 rei
1945 1975 2127 2016 causa
2162 1954 2451 2015 Panormi
2492 1960 2718 2031 ageret,

810 2049 1210 2131 exploratores
1258 2050 1682 2133 deprehendit:
1745 2071 1822 2112 ex
1878 2052 2091 2133 quibus
2139 2052 2245 2112 ubi
2287 2050 2525 2121 didicit,
2572 2045 2720 2129 quid

811 2146 968 2228 apud
1003 2148 1199 2209 hostes
1238 2157 1529 2230 ageretur,
1557 2147 1965 2210 animadverso
1991 2148 2123 2230 plus
2145 2147 2511 2219 temeritatis,
2538 2162 2719 2227 qum

809 2244 1038 2305 consilii
1080 2246 1138 2305 in
1179 2244 1557 2326 expeditione
1597 2244 1919 2306 Poenorum
1959 2266 2108 2318 esse,
2136 2266 2255 2325 quo
2296 2245 2481 2323 magis
2515 2243 2595 2304 ad
2632 2245 2720 2305 in-

808 2350 1006 2423 eptam
1047 2340 1329 2402 fiduciam
1370 2342 1641 2403 incautos
1680 2342 2011 2423 proliceret,
2045 2341 2347 2403 simulavit
2385 2350 2633 2412 metum,
2658 2352 2723 2403 et

809 2439 963 2499 intra
1002 2440 1364 2500 munimenta
1386 2440 1548 2501 urbis
1568 2459 1632 2499 se
1657 2440 1969 2500 continuit.
2059 2439 2339 2500 Ferocior
2361 2458 2501 2517 ergo
2528 2437 2723 2499 factus

810 2534 1184 2608 Hasdrubal,
1212 2537 1491 2618 promotis
1515 2537 1721 2598 castris
1754 2557 1958 2616 agrum
1987 2536 2476 2600 Panormitanum
2501 2545 2719 2608 vastat,

809 2634 946 2704 urit,
974 2632 1170 2714 fruges
1210 2634 1555 2715 corrumpit,
1582 2632 1662 2694 ad
1706 2634 1861 2714 ipsos
1902 2654 2086 2714 usque
2127 2634 2287 2694 urbis
2310 2652 2504 2693 muros
2531 2652 2719 2714 popu-

808 2730 1091 2790 lationem
1130 2729 1386 2813 prosert:
1430 2750 1622 2812 neque
1662 2731 1883 2792 moveri
1923 2732 2037 2792 hoc
2068 2733 2168 2792 vel
2202 2730 2441 2801 damno,
2473 2728 2571 2790 vel
2612 2750 2721 2811 pn-

809 2825 951 2887 dore
993 2827 1338 2907 proconsul:
1382 2836 1566 2898 ratus,
1592 2828 1644 2888 si
1685 2827 1990 2910 paululum
2024 2827 2404 2898 sustinuisset,
2434 2827 2724 2888 utrumvis

809 2923 870 2981 in
914 2923 1137 2984 Poenos
1179 2944 1314 2984 cum
1359 2925 1584 3004 ingenti
1629 2924 1850 2986 foenore
1892 2925 2223 2987 derivatum
2266 2925 2357 2986 iri.
2447 2923 2722 2984 Maxime

519 3031 685 3080 Fami.
708 3031 770 3079 de
810 3038 952 3079 vero
994 3028 1059 3079 ut
1105 3018 1323 3080 flumen
1368 3020 1680 3093 Orethum,
1727 3022 1888 3102 quod
1931 3022 2232 3083 meridiem
2276 3042 2474 3082 versus
2514 3022 2720 3083 urben

483 3095 790 3211 ᾗζξῗξᾟῗζ
811 3115 1263 3196 praeterlabitur,
1295 3119 1608 3179 transirent
1639 3121 1854 3192 hostes,
1883 3120 2279 3201 expectabat:
2324 3120 2436 3180 hoc
2472 3120 2633 3179 enim
2670 3121 2720 3178 si

490 3228 608 3275 m&

810 3211 1032 3273 factum
1073 3222 1248 3286 esset,
1276 3214 1742 3295 praemeditatam
1781 3215 2237 3298 expeditamque
2251 3216 2524 3283 ,victoriae
2560 3217 2721 3276 viam

481 3320 787 3374 Prosit-Sunt.
809 3309 1026 3370 habere
1053 3311 1306 3371 rebatur.
1393 3311 1472 3372 Id
1499 3320 1570 3372 ut
1593 3322 2018 3393 assequeretur,
2042 3333 2179 3374 cum
2210 3313 2382 3373 rebus
2405 3313 2620 3372 ceteris
2659 3314 2720 3372 in

487 3403 571 3438 ιιι.
593 3390 675 3439 17.

481 3891 657 3959 Polyb.

808 3407 1063 3487 speciem
1103 3407 1308 3468 timide
1347 3407 1788 3481 administratis,
1815 3418 1939 3470 tum
1972 3419 2430 3492 propugnatores
2454 3409 2515 3468 in
2542 3410 2723 3469 muris

809 3523 970 3563 raros
993 3502 1364 3577 collocando,
1383 3515 1446 3567 et
1469 3506 1728 3568 animum
1753 3527 2012 3579 suorum,
2039 3516 2102 3568 et
2125 3526 2427 3569 numerum
2455 3506 2534 3566 ab
2554 3507 2720 3567 hoste

807 3598 1032 3681 despici
1057 3602 1354 3681 cupiebat.

889 3703 988 3757 52.
1035 3696 1181 3759 Hoc
1207 3698 1537 3772 consilium,
1559 3718 1694 3760 cum
1720 3708 1783 3760 et
1807 3710 2021 3781 praetor
2044 3700 2299 3761 bostium
2318 3697 2573 3760 audacia
2590 3714 2717 3770 sus,

807 3803 871 3854 et
910 3794 1224 3876 improviso
1264 3816 1405 3858 casu
1446 3815 1572 3857 sors
1601 3797 1877 3876 juvisset,
1915 3817 1995 3859 ex
2036 3797 2326 3857 sententia
2360 3796 2722 3877 proconsulis

807 3891 1002 3952 cessit.
1081 3889 1225 3953 Nec
1247 3895 1401 3954 euim
1426 3892 1615 3953 defuit
1642 3892 1994 3956 Hasdrubal
2018 3903 2145 3954 tum
2169 3894 2373 3975 copias
2396 3892 2717 3974 pedestres,

808 3994 935 4046 tum
980 3989 1310 4068 equitatum
1354 4000 1418 4051 et
1454 3988 1801 4071 elephantos
1836 4011 2038 4051 omnes
2082 3988 2478 4060 musti-mere,
2516 3989 2721 4071 positis

799 4083 984 4161 juxta
1024 4104 1217 4145 muros
1257 4086 1461 4168 oppidi
1485 4088 1712 4159 castris,
1741 4096 1908 4148 tanto
1929 4108 2063 4149 cum
2090 4095 2387 4149 contemtu
2410 4086 2716 4158 confessae,

811 4171 1210 4260 utputabant,
1240 4173 1492 4244 hostium
1524 4182 1874 4258 formidinis,
1901 4194 1989 4257 ut,
2034 4205 2223 4265 neque
2258 4183 2424 4244 vallo
2450 4183 2591 4259 sibi,
2616 4202 2715 4244 ne·
