3025 4892
1431 342 1496 389 Τ.
1554 340 1742 388 lell

787 484 986 545 sordes
1016 484 1363 567 depressisse
1398 506 1515 547 non
1554 493 1881 556 contentus,
1909 483 2088 545 etiam
2119 481 2462 564 pudicitiam
2495 495 2695 547 extor-

786 603 963 662 quere
1016 583 1283 655 instituit,
1339 584 1436 643 cui
1478 585 1611 662 jam
1657 592 1720 643 et
1770 602 1891 642 rem
1941 580 2291 641 familiarem
2334 602 2590 653 omnem,
2631 592 2695 643 et

786 679 1116 741 libertatem
1144 682 1332 761 ipsam
1363 681 1674 762 eripuerat.
1761 677 1996 739 Deinde
2033 677 2346 739 Veturium
2380 700 2691 761 aspernan-

787 785 928 845 tem,
957 786 1020 835 et
1060 776 1295 856 quidvis
1336 778 1532 858 potius
1572 797 1753 857 quam
1787 784 2015 836 tantum
2049 773 2336 853 flagitium
2364 777 2490 856 pati
2518 795 2692 856 para-

783 879 930 942 tum,
976 873 1312 933 verberibus
1357 873 1769 934 crudelissimis
1811 872 2051 932 lacerat.
2121 870 2243 931 Ille
2285 873 2347 931 in
2390 872 2690 953 publicum

784 988 846 1026 se
914 969 1252 1049 proripienS‚
1306 979 1369 1029 et
1424 970 1502 1033 ad
1555 969 1857 1031 consulum
1914 967 2168 1029 tribunal
2223 968 2301 1028 ab
2357 977 2693 1029 accurrente

787 1064 1159 1125 multitudine
1186 1066 1492 1137 deductus,
1515 1067 1590 1126 de
1618 1066 1972 1126 intolerabili
1989 1063 2335 1125 crudelitate
2362 1074 2424 1125 et
2449 1064 2692 1125 libidine

702 1199 711 1209 -
786 1160 1087 1221 creditoris
1141 1164 1436 1243 queritur:
1494 1171 1556 1223 et
1599 1162 1963 1244 apparebant
1993 1162 2234 1231 vibices,
2271 1163 2692 1242 verberumque

469 1728 678 1795 Dionys.

500 2129 608 2179 Liv.
647 2147 765 2183 vm.

467 3095 634 3143 Zonar.

504 3393 607 3442 ιιι
634 3393 768 3459 Epit.

472 3474 546 3506 11·

789 1267 1049 1317 recentes
1064 1268 1241 1320 notae.
1304 1259 1595 1319 Consules
1619 1259 1816 1338 igitur,
1845 1247 1966 1317 rem
1992 1278 2109 1317 non
2125 1258 2532 1336 negligendam
2559 1259 2694 1328 rati,

789 1352 864 1413 de
893 1374 965 1413 ea
981 1354 1301 1414 retulerunt
1316 1354 1392 1415 ad
1409 1366 1676 1416 senatum
1698 1376 1714 1415 ι
1734 1354 2022 1433 dictisque
2048 1356 2347 1415 sententiis
2363 1355 2607 1415 Plotius
2631 1355 2691 1414 in

790 1469 1085 1509 carcerem
1101 1450 1237 1510 duci
1239 1453 1461 1531 jussus,
1480 1472 1800 1532 omnesque
1818 1471 1923 1532 per
1947 1459 2132 1511 totam
2160 1452 2698 1531 urbem,.quotquot

791 1546 920 1605 aeris
947 1546 1123 1606 alieni
1147 1568 1330 1608 causa
1354 1549 1492 1608 nexi
1526 1558 1715 1621 erant,
1744 1548 1874 1627 lege
1902 1547 1978 1608 de
2007 1568 2079 1608 eo
2111 1548 2347 1626 negotio
2373 1548 2517 1617 lata,
2547 1548 2696 1608 libe-

793 1644 904 1702 rati
932 1652 1087 1705 sunt.

874 1746 975 1802 26.
1024 1739 1171 1801 Non
1189 1761 1318 1802 sum
1345 1743 1593 1814 nescius,
1623 1762 1729 1823 pro
1756 1740 1832 1802 T.
1861 1740 2114 1801 Veturio
2145 1740 2224 1800 ab
2249 1737 2382 1800 aliis
2407 1738 2696 1800 Publium

790 1836 1108 1916 quendam,
1125 1838 1365 1931 trflmni,
1383 1839 1485 1919 qui
1511 1839 1663 1899 inter
1680 1837 1972 1899 Caudinae
2001 1837 2164 1918 pacis
2191 1844 2457 1896 auctores
2472 1834 2697 1905 fuisset,

790 1931 999 2005 filium,
1026 1935 1366 1995 memorari:
1412 1934 1517 1995 sed
1545 1944 1606 1995 et
1634 1955 1786 1995 anno
1814 1944 1950 1995 ante
1985 1936 2113 1994 haec
2151 1944 2418 2013 tempora
2441 1932 2695 2013 quadra-

790 2030 1008 2108 gesimo
1049 2030 1403 2090 simillimam
1449 2032 1528 2091 ob
1580 2051 1819 2091 causam
1862 2031 1963 2091 lex
2003 2030 2078 2090 de
2133 2030 2301 2090 nexis
2341 2029 2465 2089 lata
2495 2028 2696 2089 fertur.

791 2125 1070 2187 Ceterum
1093 2128 1236 2187 nihil
1266 2136 1451 2199 vetat,
1470 2136 1537 2186 ut
1552 2126 1804 2208 plurium
1823 2127 2232 2188 foeneratorum
2251 2146 2328 2187 ea
2352 2124 2701 2206 improbitas

788 2221 995 2292 fuerit;
1040 2233 1103 2282 et
1141 2224 1317 2304 priori
1356 2223 1506 2302 lege,
1537 2233 1603 2284 ιιι
1643 2222 1733 2295 ίὶι,
1763 2225 1942 2285 etiam
1972 2244 2077 2305 per
2107 2223 2440 2283 debitorum
2473 2221 2701 2301 patien-

789 2320 933 2381 tiam
961 2320 1109 2380 inter
1126 2319 1424 2401 angustias
1449 2321 1532 2380 rei
1559 2319 1864 2381 familiaris
1888 2320 2032 2383 nihil
2051 2319 2461 2389 recusantium,
2486 2317 2698 2377 sensim

790 2415 1085 2495 neglecta,
1113 2415 1378 2496 ejusdem
1422 2417 1681 2498 exempli
1713 2438 1914 2477 recens
1942 2416 2165 2477 factum
2208 2413 2594 2483 admonuerit,
2630 2422 2700 2471 ut

791 2512 849 2573 in
878 2522 1172 2593 posterum
1199 2533 1273 2574 ea
1314 2512 1390 2572 de
1421 2534 1604 2573 causa
1635 2513 1863 2594 plenius
1893 2522 2070 2592 atque
2097 2511 2436 2590 diligentius
2458 2527 2699 2569 cavere-

792 2616 903 2668 tur.
946 2609 1115 2669 Sed
1157 2609 1378 2691 populo
1420 2630 1540 2669 non
1581 2610 1758 2671 modo
1802 2630 1983 2681 nexu,
2010 2628 2216 2670 verum
2257 2607 2436 2667 etiam
2462 2603 2700 2666 foenoris

790 2706 1017 2765 saevitia
1060 2705 1295 2767 liberari
1333 2706 1617 2787 cupienti,
1646 2716 1829 2785 gnatae
1864 2706 2004 2767 lieet
2045 2704 2282 2767 ultionis
2306 2702 2606 2783 legisque
2593 2720 2702 2760 im-

793 2802 1043 2879 petratio
1086 2822 1200 2862 non
1240 2802 1542 2863 satisfecit.
1629 2802 1879 2873 Verum,
1916 2810 1985 2865 ut
2015 2803 2076 2861 in
2102 2800 2319 2861 morbis
2342 2796 2696 2879 quibusdam

791 2897 1130 2968 acrioribus,
1186 2897 1570 2957 remediorum
1616 2897 1921 2977 diligentia
1969 2918 2105 2959 cum
2173 2896 2472 2981 mitigatus
2510 2892 2698 2955 videri

792 3001 1008 3069 potest,
1039 2993 1225 3072 magis
1250 2992 1590 3054 accenditur
1613 2994 1816 3063 dolor;
1845 3015 1962 3054 non
1989 2993 2176 3054 multo
2193 3001 2327 3072 post
2349 2990 2500 3051 adeo
2525 2989 2698 3050 exul-

793 3096 993 3147 cerata
1017 3109 1108 3149 res
1132 3098 1242 3161 est,
1272 3099 1358 3162 ut,
1376 3111 1511 3151 cum
1539 3091 1756 3151 tribuni
1780 3091 1971 3171 plebis
1986 3090 2175 3169 legem
2190 3088 2266 3149 de
2291 3088 2459 3151 novis
2481 3085 2702 3147 tabulis

791 3202 1017 3244 summo
1060 3186 1185 3245 nisu
1232 3185 1485 3266 perferre
1522 3186 1961 3255 contenderent,
2007 3205 2196 3265 neque
2239 3183 2556 3249 minoribus
2596 3190 2703 3243 aut

792 3281 976 3360 copiis
1001 3290 1107 3340 aut
1136 3282 1344 3343 animis
1361 3302 1399 3342 a
1424 3280 1810 3343 creditoribus
1834 3283 2211 3351 resisteretur,
2239 3279 2464 3360 plebes,
2496 3297 2701 3343 exem-

795 3375 895 3455 plo
948 3378 1236 3456 majorum
1288 3379 1431 3439 urbe
1486 3379 1713 3451 relicta,
1764 3388 1925 3441 trans
1977 3397 2208 3437 amnem
2260 3378 2320 3435 in
2363 3374 2402 3434 J
2406 3373 2701 3436 aniculam

794 3483 1046 3534 montem
1068 3474 1398 3535 secederet:
1426 3464 1723 3535 obstinato
1747 3474 2012 3545 consilio,
2033 3474 2144 3534 nisi
2168 3494 2230 3532 re
2259 3464 2594 3552 impetrata,
2622 3469 2702 3533 ad

792 3579 1033 3648 penates
1058 3591 1194 3631 suos
1221 3592 1338 3631 non
1370 3570 1671 3632 redeundi.

873 3672 974 3728 27.
1017 3666 1175 3727 Cum
1201 3688 1406 3749 parum
1440 3667 1719 3728 adversus
1754 3667 1881 3725 haec
1913 3665 2043 3745 opis
2070 3664 2129 3723 in
2161 3662 2498 3724 consulibus
2521 3671 2696 3733 esset,

794 3761 916 3839 (M.
949 3761 1256 3824 Valerium
1292 3763 1587 3835 Potitum,
1618 3763 1693 3823 C.
1724 3761 1947 3825 AElium
1982 3760 2272 3820 Paetum*
2303 3758 2482 3819 fuisse
2512 3760 2700 3836 conji-

791 3858 1004 3937 ciunt,)
1032 3860 1110 3919 ad
1136 3860 1405 3921 ultimum
1432 3860 1631 3920 arduis
1647 3857 2005 3938 temporibus
2034 3855 2354 3915 remedium
2381 3854 2700 3916 deventum

501 3956 609 4009 Liv.
638 3959 771 4026 Epit.
792 3961 901 4024 est,
931 3964 997 4014 ut
1021 3955 1274 4018 dictator
1299 3957 1606 4017 diceretur.
1680 3955 1895 4015 Dictus
1918 3962 2009 4012 est
2041 3951 2125 4018 Q.
2157 3951 2536 4011 Hortensius.
2609 3949 2696 4023 Is,

469 4036 555 4069 xl·

794 4049 1070 4112 adhibitis
1093 4074 1227 4134 quae
1256 4063 1488 4134 tempus
1512 4062 1576 4114 et
1600 4071 1781 4112 causa
1797 4048 2136 4130 postulabat
2150 4047 2446 4120 fomentis,
2463 4064 2596 4109 cum
2624 4066 2697 4107 eo

1342 4244 1374 4274 '³
1409 4241 1474 4293 A.
1499 4242 1569 4293 U.
1594 4242 1656 4292 C.
1679 4246 1792 4293 ⁴66.
1829 4241 1895 4292 A.
1922 4242 1983 4294 C.
2009 4245 2125 4293 206.
