3025 4892
1021 381 1167 431 mn.
1213 380 1389 467 itm.
1436 380 1599 430 car.
1642 364 1754 432 57.
2305 362 2475 432 1751

277 549 499 618 neque
542 547 690 615 proe
716 528 914 594 imbri
955 526 1122 595 satis
1155 526 1554 593 decernere⁷
1604 532 1902 611 possent,
1947 546 2082 612 qua
2113 527 2255 593 suis
2284 547 2479 612 opem

280 634 550 714 ferrent,
595 631 1019 699 Placentiam
1053 636 1230 696 recto
1257 629 1488 696 itinere
1523 648 1889 714 perrexere.
1978 630 2214 697 Plures
2242 632 2483 698 deinde

282 739 353 803 in
399 756 632 804 omnes
669 744 896 823 partes
930 735 1321 820 eruptiones
1363 733 1600 801 sactae:
1648 741 1742 813 et,
1787 734 1906 819 qui
1935 734 2185 800 flumen
2212 738 2482 823 petiere,

285 848 405 908 aut
431 840 810 926 gurgitibus
838 838 1135 906 absumti
1163 843 1342 916 sunt,
1387 843 1503 904 aut
1546 837 1716 905 inter
1747 839 2241 905 cunctationem
2272 841 2490 923 ingre-

285 944 558 1011 diendi!
608 945 695 1010 ab
733 941 1043 1009 hostibus
1069 940 1403 1027 oppressi.
1441 1005 1452 1017 ,
1493 937 1633 1019 Qui
1676 941 1933 1026 passim
1962 961 2079 1025 per
2108 961 2301 1025 agros
2329 943 2489 1028 fuga

287 1049 516 1133 sparsi
544 1053 759 1126 erant,
789 1045 1082 1130 vestigia
1110 1046 1415 1113 cedentis
1445 1051 1809 1129 sequentes
1842 1044 2178 1128 agminis,a
2206 1045 2490 1114 Placen·

289 1153 455 1218 tiam
504 1150 921 1217 contendere.
1011 1147 1193 1215 Aliis
1238 1150 1439 1215 timor
1486 1149 1775 1214 hostium
1796 1160 1820 1187 ⁸
1879 1148 2231 1215 andaciam
2276 1150 2488 1233 ingre-

288 1252 520 1320 diendi
550 1253 801 1320 flumen
840 1252 1022 1333 fecit,
1068 1254 1613 1337 transgressique
1657 1252 1728 1317 in
1773 1259 1997 1318 castra
2027 1262 2490 1337 pervenerunt.

290 1354 524 1423 Imber
551 1356 709 1422 nive
737 1357 1018 1435 mixtus,
1066 1363 1136 1421 et
1175 1354 1595 1422 intoleranda
1621 1355 1725 1421 vis
1752 1355 2045 1440 frigoris,
2095 1361 2165 1422 et
2190 1355 2492 1424 homines

290 1460 568 1538 multos,
609 1465 678 1526 et
703 1459 1035 1546 jumenta,
1065 1465 1134 1525 et
1161 1459 1555 1545 elephantos
1586 1479 1793 1546 prope
1835 1478 2087 1535 omnes,
2121 1460 2497 1526 absumsit-⁹

295 1563 485 1628 Finis
525 1564 925 1648 insequendi
974 1563 1190 1630 hostis
1238 1563 1478 1631 Poenis
1523 1566 1762 1630 flumen
1804 1561 2052 1628 Trebia
2096 1561 2261 1628 fuit:
2306 1571 2377 1628 et
2405 1564 2499 1632 ita

291 1671 635 1749 torpentes
677 1666 836 1751 gelu
880 1667 954 1732 in
1001 1677 1231 1734 castra
1256 1667 1533 1747 rediere,
1581 1674 1659 1734 ut
1697 1668 1817 1733 vix
1846 1666 2151 1732 laetitiam
2186 1667 2497 1732 ³victoriae

293 1769 639 1834 sentirent.
727 1768 970 1855 Itaque
1021 1776 1224 1836 nocte
1268 1771 1677 1855 insequenti,
1722 1790 1876 1836 cum
1920 1769 2319 1857 praesidium
2352 1789 2497 1835 cas-

293 1876 626 1951 trorum,¹⁰
668 1876 738 1937 et
782 1872 960 1958 quod
998 1873 1335 1959 reliquum
1379 1893 1472 1940 ex
1509 1894 1750 1959 magna
1786 1880 1976 1958 parte
2003 1872 2292 1939 militum
2340 1879 2499 1951 erat,

294 1975 561 2042 ratibus
589 1975 899 2042 Trebiam
928 1977 1336 2062 trajicerent,
1377 1984 1497 2044 ant
1524 1977 1693 2044 nihil
1719 1996 2039 2057 sensere,.
2072 1977 2504 2059 obstrepente

299 2079 575 2163 pluvia3
619 2086 759 2157 aut,
807 2080 971 2165 qnia
1010 2080 1157 2164 jam
1201 2081 1450 2149 moveri
1501 2101 1640 2167 prae
1686 2080 2086 2148 lassitudine
2130 2080 2508 2165 nequibant

298 2201 385 2247 ac
417 2180 823 2255 vulneribus,
874 2184 1117 2252 sentire
1166 2204 1318 2250 sese
1346 2183 1892 2251 dissimularunt:
1934 2184 2315 2268 quietisque
2346 2181 2507 2248 Poe-

297 2286 429 2362 nis,
463 2285 672 2350 tacito
690 2286 958 2369 agmine
979 2288 1068 2352 ab
1090 2287 1411 2372 Scipione
1431 2289 1711 2353 consule
1732 2287 2070 2364 exercitus
2098 2285 2510 2354 Placentiam

299 2387 838 2471 estperductus:
868 2390 1027 2456 inde
1057 2390 1252 2456 Pado
1280 2391 1602 2476 trajectus
1635 2386 2078 2468 Cremonam,¹²
2109 2408 2193 2453 ne
2226 2388 2511 2458 duorum

300 2490 727 2556 exercituum
754 2489 1069 2575 hybernis
1098 2512 1233 2559 nna
1260 2494 1527 2559 colonia
1554 2499 1983 2577 premeretur.

275 2637 314 2676 .·
394 2593 505 2659 57.
552 2592 845 2659 Romam
892 2600 1367 2672 tantusterror
1412 2614 1504 2661 ex
1550 2595 1682 2661 hac
1723 2593 1916 2664 clade
1944 2593 2251 2679 perlatus
2278 2601 2406 2672 est,
2443 2600 2515 2660 ut

295 2694 444 2779 jam
477 2695 563 2760 ad
594 2694 844 2761 Urbem
869 2697 1218 2763 crederent
1241 2705 1290 2736 ¹¹
1322 2696 1581 2763 infestis
1601 2699 1809 2781 signis
1836 2697 2098 2762 hostem
2123 2701 2515 2776 venturum3

304 2817 430 2863 nec
463 2800 828 2883 quicquam
855 2801 1145 2885 speiaut
1172 2798 1410 2865 auxilii
1431 2817 1601 2880 esse,
1635 2819 1771 2883 quo
1798 2798 2011 2883 portis
2039 2798 2516 2882 moenibusque

373 2991 401 3025 ⁹
433 2982 571 3034 Dum
591 2988 877 3034 cunctantur
893 2983 1297 3060 ingredifltmen.
1456 2992 1480 3048 ’-
1515 2984 1682 3036 Metus
1701 2983 1762 3034 ab
1782 2981 1996 3033 hostibus
2016 2981 2197 3031 illatus.

1228 3142 1590 3169 „oenum”

309 3240 550 3304 utrimque
569 3248 957 3304 merente—6
988 3243 1053 3294 In
1088 3242 1172 3294 ed.
1205 3244 1447 3306 Magum.
1482 3245 1611 3304 alio,-
1647 3245 1769 3296 azias
1797 3242 2039 3295 Francof.
2070 3244 2227 3294 Grnt.
2261 3243 2313 3293 in
2350 3242 2524 3293 munitis

314 3306 448 3355 Mas.
472 3313 530 3356 et
563 3306 684 3356 edd.
711 3313 936 3358 recentrt
956 3309 1160 3359 aliie-⁷
1196 3308 1283 3359 ΑΙ.
1316 3310 1697 3361 discernere—8
1731 3308 1872 3361 Olim
1907 3310 2183 3373 legebatur
2214 3309 2420 3371 vestigia
2451 3322 2527 3358 ce-

310 3373 476 3421 dentes
510 3372 746 3435 sequentis
779 3374 1108 3435 muritta—9
1142 3372 1228 3424 Al.
1262 3375 1670 3428 emmunim—10
1703 3377 1720 3405 ⁴
1746 3375 1994 3425 Editores
2034 3382 2168 3425 anit.
2206 3374 2528 3422 Romanorum

314 3435 579 3486 inseruere
602 3445 725 3487 ante
744 3444 1028 3515 cqsworam,
1048 3447 1107 3490 et
1129 3453 1250 3489 mox
1271 3438 1415 3488 Poem’
1438 3447 1559 3505 post
1578 3455 1791 3490 sensere.-
1818 3454 1938 3505 quoe
1959 3453 2131 3496 voces,
2147 3439 2212 3489 ab
2235 3439 2527 3502 interprete

311 3501 561 3565 adjecta,
582 3501 647 3551 ab
669 3503 907 3554 omnibus
928 3502 1040 3553 fere
1064 3504 1192 3553 Mes.
1215 3503 1421 3562 absunt,
1443 3512 1501 3554 et
1525 3504 1635 3556 sine
1658 3506 1848 3557 damno
1866 3512 1960 3557 aut
1985 3504 2326 3571 ambiguitate
2346 3517 2528 3553 sensus

313 3565 665 3617 omittuntur?
698 3567 784 3619 lta
805 3583 871 3617 ex
894 3568 1128 3620 Gronov.
1150 3576 1301 3620 notat
1325 3568 1545 3633 Rupert.

381 3635 405 3680 1
419 3635 442 3680 1
479 3633 495 3661 ‘
532 3631 601 3681 Ut
620 3631 730 3692 J‘om
751 3634 813 3683 ad
833 3632 997 3684 urben·
1019 3634 1223 3685 Romam
1244 3636 1504 3688 crederent.
1573 3634 1827 3688 Quaedam
1852 3640 1982 3686 vett.
2001 3634 2120 3686 edd.
2146 3633 2370 3685 Romani.
2404 3632 2529 3683 Put.

1310 3765 1535 3817 NOTAE

397 3858 422 3892 ¹¹
465 3858 772 3925 Cremonam]
828 3860 1260 3928 Antiquissimum
1301 3870 1383 3915 est
1465 3863 1765 3914 duxerant:
1807 3875 1992 3912 nomen
2034 3860 2291 3926 hodieque
2335 3860 2532 3911 retinet

318 3934 590 4001 oppidum,
624 3950 656 3986 a
690 3936 1000 3988 Cenomanis
1022 3938 1185 3989 Gallis
1216 3938 1383 4002 primo
1464 3940 1517 3990 in
1558 3941 1755 3992 ducatu
1795 3937 2190 3993 Mediolanensi,
2227 3934 2316 3987 ubi
2353 3937 2393 3985 il
2418 3937 2534 3985 Cre·

320 4013 372 4061 in
411 4011 618 4062 Italiam
653 4012 916 4071 Celtarum
952 4022 1278 4080 transgressu
1309 4016 1385 4065 in·
1464 4031 1649 4067 mese
1683 4015 1748 4065 ad
1783 4015 1967 4064 larvam
2007 4013 2139 4064 Padi
2180 4013 2364 4079 ripam,
2392 4012 2533 4062 inter

322 4095 434 4137 star
452 4088 556 4137 vici
579 4088 845 4139 conditum
861 4098 1006 4140 trans
1023 4090 1225 4141 Padum
1248 4106 1261 4139 t
1287 4081 1387 4157 quo
1469 4108 1650 4158 agrum
1695 4090 2032 4156 papiensem,
2078 4091 2437 4153 Mantuanum,
2480 4094 2536 4138 et

325 4164 542 4214 Romani
564 4165 664 4215 hoc
701 4166 815 4230 ipso
841 4181 994 4232 anno,
1028 4175 1087 4219 ut
1121 4181 1277 4232 supra
1299 4167 1390 4219 ob·
1470 4170 1804 4222 Brixianum.

323 4246 608 4306 servatum,
639 4242 894 4294 coloniam
926 4258 1019 4295 sex
1061 4244 1276 4297 minium
1300 4243 1392 4296 de·
