<?xml version="1.0" encoding="UTF-8"?>
<!DOCTYPE html PUBLIC "-//W3C//DTD XHTML 1.0 Transitional//EN"
    "http://www.w3.org/TR/xhtml1/DTD/xhtml1-transitional.dtd">
<html xmlns="http://www.w3.org/1999/xhtml" xml:lang="en" lang="en">
 <head>
  <title>
</title>
<meta http-equiv="Content-Type" content="text/html;charset=utf-8" />
  <meta name='ocr-system' content='tesseract 3.04.00' />
  <meta name='ocr-capabilities' content='ocr_page ocr_carea ocr_par ocr_line ocrx_word'/>
</head>
<body>
  <div class='ocr_page' id='page_1' title='image "./tliviipatavinih04unkngoog_0175.png"; bbox 0 0 3025 4892; ppageno 0'>
   <div class='ocr_carea' id='block_1_1' title="bbox 823 352 2529 419">
    <p class='ocr_par' dir='ltr' id='par_1_1' title="bbox 823 352 2529 419">
     <span class='ocr_line' id='line_1_1' title="bbox 823 352 2529 419; baseline -0.001 -1"><span class='ocrx_word' id='word_1_1' title='bbox 823 370 1029 419; x_wconf 75' lang='lat' dir='ltr'><strong>unm</strong></span> <span class='ocrx_word' id='word_1_2' title='bbox 1078 352 2529 419; x_wconf 66' lang='lat' dir='ltr'><strong>xv111.sup1›1.nusssrum.l555</strong></span> 
     </span>
    </p>
   </div>
   <div class='ocr_carea' id='block_1_2' title="bbox 295 506 2523 626">
    <p class='ocr_par' dir='ltr' id='par_1_2' title="bbox 295 506 2523 626">
     <span class='ocr_line' id='line_1_2' title="bbox 295 506 2523 626; baseline -0.004 -47"><span class='ocrx_word' id='word_1_3' title='bbox 295 537 419 579; x_wconf 70' lang='lat' dir='ltr'><strong>me</strong></span> <span class='ocrx_word' id='word_1_4' title='bbox 443 515 671 587; x_wconf 80' lang='lat' dir='ltr'><strong>dedita,</strong></span> <span class='ocrx_word' id='word_1_5' title='bbox 699 515 824 575; x_wconf 77' lang='lat' dir='ltr'><strong>sive</strong></span> <span class='ocrx_word' id='word_1_6' title='bbox 847 506 1101 585; x_wconf 73' lang='lat' dir='ltr'><strong>deserta,</strong></span> <span class='ocrx_word' id='word_1_7' title='bbox 1130 515 1298 591; x_wconf 83' lang='lat' dir='ltr'><strong>(nam</strong></span> <span class='ocrx_word' id='word_1_8' title='bbox 1323 520 1634 591; x_wconf 80' lang='lat' dir='ltr'><strong>utrumque</strong></span> <span class='ocrx_word' id='word_1_9' title='bbox 1661 510 1929 572; x_wconf 78' lang='lat' dir='ltr'><strong>traditur</strong></span> <span class='ocrx_word' id='word_1_10' title='bbox 1915 517 1961 590; x_wconf 94' lang='lat'><strong>,)</strong></span> <span class='ocrx_word' id='word_1_11' title='bbox 2001 511 2059 574; x_wconf 89' lang='lat' dir='ltr'><strong>in</strong></span> <span class='ocrx_word' id='word_1_12' title='bbox 2090 531 2250 626; x_wconf 71' lang='lat' dir='ltr'><strong>po-¹¹</strong></span> <span class='ocrx_word' id='word_1_13' title='bbox 2252 511 2395 562; x_wconf 74' lang='lat' dir='ltr'><strong>Oros.</strong></span> <span class='ocrx_word' id='word_1_14' title='bbox 2431 514 2523 562; x_wconf 90' lang='lat' dir='ltr'><strong>Zo-</strong></span> 
     </span>
    </p>
   </div>
   <div class='ocr_carea' id='block_1_3' title="bbox 295 593 2522 789">
    <p class='ocr_par' dir='ltr' id='par_1_3' title="bbox 295 593 2522 789">
     <span class='ocr_line' id='line_1_3' title="bbox 295 593 2522 709; baseline -0.003 -34"><span class='ocrx_word' id='word_1_15' title='bbox 295 624 570 675; x_wconf 73' lang='lat' dir='ltr'><strong>testatem</strong></span> <span class='ocrx_word' id='word_1_16' title='bbox 596 612 1003 673; x_wconf 78' lang='lat' dir='ltr'><strong>Romanorum</strong></span> <span class='ocrx_word' id='word_1_17' title='bbox 1028 611 1335 671; x_wconf 83' lang='lat' dir='ltr'><strong>concessit.</strong></span> <span class='ocrx_word' id='word_1_18' title='bbox 2192 593 2388 709; x_wconf 55' lang='lat' dir='ltr'><strong>”Poal&#39;yb</strong></span> <span class='ocrx_word' id='word_1_19' title='bbox 2396 640 2522 692; x_wconf 77' lang='lat' dir='ltr'><strong>Flor.</strong></span> 
     </span>
     <span class='ocr_line' id='line_1_4' title="bbox 377 707 2347 789; baseline -0.001 -18"><span class='ocrx_word' id='word_1_20' title='bbox 377 719 478 771; x_wconf 80' lang='lat'><strong>12.</strong></span> <span class='ocrx_word' id='word_1_21' title='bbox 523 710 617 770; x_wconf 83' lang='lat' dir='ltr'><strong>At</strong></span> <span class='ocrx_word' id='word_1_22' title='bbox 643 709 1179 789; x_wconf 72' lang='lat' dir='ltr'>Carthaginienses,</span> <span class='ocrx_word' id='word_1_23' title='bbox 1197 727 1536 789; x_wconf 75' lang='lat' dir='ltr'><strong>quanquam</strong></span> <span class='ocrx_word' id='word_1_24' title='bbox 1550 727 1690 768; x_wconf 85' lang='lat' dir='ltr'><strong>sane</strong></span> <span class='ocrx_word' id='word_1_25' title='bbox 1714 707 1864 768; x_wconf 89' lang='lat' dir='ltr'><strong>dura</strong></span> <span class='ocrx_word' id='word_1_26' title='bbox 1883 717 1945 767; x_wconf 85' lang='lat' dir='ltr'><strong>et</strong></span> <span class='ocrx_word' id='word_1_27' title='bbox 1970 708 2207 768; x_wconf 67' lang='lat' dir='ltr'><strong>insueta*</strong></span> <span class='ocrx_word' id='word_1_28' title='bbox 2218 721 2347 769; x_wconf 76' lang='lat' dir='ltr'><strong>Zona</strong></span> 
     </span>
    </p>
   </div>
   <div class='ocr_carea' id='block_1_4' title="bbox 281 804 2520 3735">
    <p class='ocr_par' dir='ltr' id='par_1_4' title="bbox 281 804 2389 2727">
     <span class='ocr_line' id='line_1_5' title="bbox 295 804 2389 916; baseline -0.003 -48"><span class='ocrx_word' id='word_1_29' title='bbox 295 816 653 891; x_wconf 56' lang='lat' dir='ltr'><strong>paterentur,</strong></span> <span class='ocrx_word' id='word_1_30' title='bbox 680 817 880 867; x_wconf 79' lang='lat' dir='ltr'><strong>tamen</strong></span> <span class='ocrx_word' id='word_1_31' title='bbox 906 805 1350 886; x_wconf 72' lang='lat' dir='ltr'><strong>gratulabantur</strong></span> <span class='ocrx_word' id='word_1_32' title='bbox 1367 806 1502 877; x_wconf 84' lang='lat' dir='ltr'><strong>sibi,</strong></span> <span class='ocrx_word' id='word_1_33' title='bbox 1529 806 1689 916; x_wconf 75' lang='lat' dir='ltr'><strong>quod</strong></span> <span class='ocrx_word' id='word_1_34' title='bbox 1716 804 2020 885; x_wconf 82' lang='lat' dir='ltr'><strong>aliquanto</strong></span> <span class='ocrx_word' id='word_1_35' title='bbox 2039 806 2195 865; x_wconf 87' lang='lat' dir='ltr'><strong>miti·</strong></span> <span class='ocrx_word' id='word_1_36' title='bbox 2219 811 2389 882; x_wconf 73' lang='lat' dir='ltr'><strong>Polyb.</strong></span> 
     </span>
     <span class='ocr_line' id='line_1_6' title="bbox 295 901 2203 984; baseline -0.002 -18"><span class='ocrx_word' id='word_1_37' title='bbox 295 926 400 966; x_wconf 74' lang='lat' dir='ltr'><strong>en</strong></span> <span class='ocrx_word' id='word_1_38' title='bbox 422 904 754 966; x_wconf 76' lang='lat' dir='ltr'><strong>formidatis</strong></span> <span class='ocrx_word' id='word_1_39' title='bbox 780 904 1163 965; x_wconf 69' lang='lat' dir='ltr'><strong>aecidioeent:</strong></span> <span class='ocrx_word' id='word_1_40' title='bbox 1206 912 1535 964; x_wconf 76' lang='lat' dir='ltr'><strong>metuerant</strong></span> <span class='ocrx_word' id='word_1_41' title='bbox 1548 903 1726 975; x_wconf 87' lang='lat' dir='ltr'><strong>enim,</strong></span> <span class='ocrx_word' id='word_1_42' title='bbox 1755 901 1959 963; x_wconf 89' lang='lat' dir='ltr'><strong>audito</strong></span> <span class='ocrx_word' id='word_1_43' title='bbox 1984 913 2203 984; x_wconf 73' lang='lat' dir='ltr'><strong>pugnae&#39;</strong></span> 
     </span>
     <span class='ocr_line' id='line_1_7' title="bbox 295 999 2197 1083; baseline -0.001 -20"><span class='ocrx_word' id='word_1_44' title='bbox 295 1002 525 1063; x_wconf 75' lang='lat' dir='ltr'><strong>navalis</strong></span> <span class='ocrx_word' id='word_1_45' title='bbox 549 1003 738 1073; x_wconf 77' lang='lat' dir='ltr'><strong>exitu,</strong></span> <span class='ocrx_word' id='word_1_46' title='bbox 766 1022 840 1061; x_wconf 81' lang='lat' dir='ltr'><strong>ne</strong></span> <span class='ocrx_word' id='word_1_47' title='bbox 867 1002 1132 1083; x_wconf 69' lang='lat' dir='ltr'><strong>pretinm</strong></span> <span class='ocrx_word' id='word_1_48' title='bbox 1153 999 1233 1060; x_wconf 89' lang='lat' dir='ltr'><strong>ad</strong></span> <span class='ocrx_word' id='word_1_49' title='bbox 1258 1002 1445 1082; x_wconf 82' lang='lat' dir='ltr'><strong>ipsam</strong></span> <span class='ocrx_word' id='word_1_50' title='bbox 1472 1001 1894 1080; x_wconf 72' lang='lat' dir='ltr'>Carthaginem</span> <span class='ocrx_word' id='word_1_51' title='bbox 1926 1001 2197 1061; x_wconf 86' lang='lat' dir='ltr'><strong>victrices</strong></span> 
     </span>
     <span class='ocr_line' id='line_1_8' title="bbox 293 1098 2193 1181; baseline -0.001 -22"><span class='ocrx_word' id='word_1_52' title='bbox 293 1100 551 1181; x_wconf 75' lang='lat' dir='ltr'><strong>eopiae¹²</strong></span> <span class='ocrx_word' id='word_1_53' title='bbox 591 1099 958 1160; x_wconf 74' lang='lat' dir='ltr'><strong>ducerentur.</strong></span> <span class='ocrx_word' id='word_1_54' title='bbox 1047 1098 1264 1180; x_wconf 70' lang='lat' dir='ltr'><strong>Itaque</strong></span> <span class='ocrx_word' id='word_1_55' title='bbox 1301 1098 1567 1164; x_wconf 83' lang='lat' dir='ltr'><strong>nonnihil</strong></span> <span class='ocrx_word' id='word_1_56' title='bbox 1595 1120 1670 1158; x_wconf 87' lang='lat' dir='ltr'><strong>ex</strong></span> <span class='ocrx_word' id='word_1_57' title='bbox 1699 1098 1888 1180; x_wconf 87' lang='lat' dir='ltr'><strong>priore</strong></span> <span class='ocrx_word' id='word_1_58' title='bbox 1916 1106 2074 1158; x_wconf 85' lang='lat' dir='ltr'><strong>metu</strong></span> <span class='ocrx_word' id='word_1_59' title='bbox 2104 1118 2193 1158; x_wconf 88' lang='lat' dir='ltr'><strong>re-</strong></span> 
     </span>
     <span class='ocr_line' id='line_1_9' title="bbox 292 1195 2196 1279; baseline -0.002 -21"><span class='ocrx_word' id='word_1_60' title='bbox 292 1198 602 1279; x_wconf 64' lang='lat' dir='ltr'><strong>spirantes,</strong></span> <span class='ocrx_word' id='word_1_61' title='bbox 621 1197 682 1257; x_wconf 83' lang='lat' dir='ltr'><strong>in</strong></span> <span class='ocrx_word' id='word_1_62' title='bbox 704 1195 1130 1258; x_wconf 76' lang='lat' dir='ltr'><strong>contr-abendas</strong></span> <span class='ocrx_word' id='word_1_63' title='bbox 1146 1196 1369 1277; x_wconf 81' lang='lat' dir='ltr'><strong>copias,</strong></span> <span class='ocrx_word' id='word_1_64' title='bbox 1385 1198 1707 1277; x_wconf 77' lang='lat' dir='ltr'>urbemque</span> <span class='ocrx_word' id='word_1_65' title='bbox 1722 1205 1784 1256; x_wconf 87' lang='lat' dir='ltr'><strong>et</strong></span> <span class='ocrx_word' id='word_1_66' title='bbox 1800 1196 2196 1256; x_wconf 82' lang='lat' dir='ltr'><strong>suburbanam</strong></span> 
     </span>
     <span class='ocr_line' id='line_1_10' title="bbox 293 1292 2197 1376; baseline -0.002 -21"><span class='ocrx_word' id='word_1_67' title='bbox 293 1296 588 1376; x_wconf 73' lang='lat' dir='ltr'><strong>regionem</strong></span> <span class='ocrx_word' id='word_1_68' title='bbox 616 1294 898 1355; x_wconf 85' lang='lat' dir='ltr'><strong>tuendam</strong></span> <span class='ocrx_word' id='word_1_69' title='bbox 934 1295 1144 1355; x_wconf 78' lang='lat' dir='ltr'><strong>intenti</strong></span> <span class='ocrx_word' id='word_1_70' title='bbox 1166 1304 1353 1355; x_wconf 87' lang='lat' dir='ltr'><strong>erant.</strong></span> <span class='ocrx_word' id='word_1_71' title='bbox 1441 1294 1729 1355; x_wconf 81' lang='lat' dir='ltr'><strong>Consules</strong></span> <span class='ocrx_word' id='word_1_72' title='bbox 1765 1296 1987 1354; x_wconf 81' lang='lat' dir='ltr'><strong>interea</strong></span> <span class='ocrx_word' id='word_1_73' title='bbox 2011 1292 2197 1353; x_wconf 85' lang='lat' dir='ltr'><strong>missis</strong></span> 
     </span>
     <span class='ocr_line' id='line_1_11' title="bbox 292 1390 2195 1473; baseline -0.003 -18"><span class='ocrx_word' id='word_1_74' title='bbox 292 1393 562 1455; x_wconf 69' lang='lat' dir='ltr'><strong>Romam</strong></span> <span class='ocrx_word' id='word_1_75' title='bbox 584 1393 824 1465; x_wconf 82' lang='lat' dir='ltr'><strong>nuntiis,</strong></span> <span class='ocrx_word' id='word_1_76' title='bbox 848 1393 952 1473; x_wconf 88' lang='lat' dir='ltr'><strong>qui</strong></span> <span class='ocrx_word' id='word_1_77' title='bbox 976 1391 1038 1453; x_wconf 75' lang='lat' dir='ltr'><strong>et</strong></span> <span class='ocrx_word' id='word_1_78' title='bbox 1059 1413 1156 1453; x_wconf 85' lang='lat' dir='ltr'><strong>res</strong></span> <span class='ocrx_word' id='word_1_79' title='bbox 1177 1393 1460 1454; x_wconf 79' lang='lat' dir='ltr'><strong>hactenus</strong></span> <span class='ocrx_word' id='word_1_80' title='bbox 1484 1402 1679 1472; x_wconf 81' lang='lat' dir='ltr'><strong>gestas</strong></span> <span class='ocrx_word' id='word_1_81' title='bbox 1699 1391 2001 1462; x_wconf 81' lang='lat' dir='ltr'><strong>docerent,</strong></span> <span class='ocrx_word' id='word_1_82' title='bbox 2030 1400 2093 1451; x_wconf 89' lang='lat' dir='ltr'><strong>et</strong></span> <span class='ocrx_word' id='word_1_83' title='bbox 2118 1390 2195 1454; x_wconf 88' lang='lat' dir='ltr'><strong>de</strong></span> 
     </span>
     <span class='ocr_line' id='line_1_12' title="bbox 290 1489 2195 1571; baseline -0.002 -19"><span class='ocrx_word' id='word_1_84' title='bbox 290 1492 643 1552; x_wconf 70' lang='lat' dir='ltr'><strong>instantilms</strong></span> <span class='ocrx_word' id='word_1_85' title='bbox 664 1490 1014 1551; x_wconf 82' lang='lat' dir='ltr'><strong>sententiam</strong></span> <span class='ocrx_word' id='word_1_86' title='bbox 1041 1490 1298 1552; x_wconf 78' lang='lat' dir='ltr'><strong>Patrum</strong></span> <span class='ocrx_word' id='word_1_87' title='bbox 1322 1491 1716 1571; x_wconf 78' lang='lat' dir='ltr'>exquirerent,</span> <span class='ocrx_word' id='word_1_88' title='bbox 1746 1489 2042 1570; x_wconf 85' lang='lat' dir='ltr'><strong>Clupeam</strong></span> <span class='ocrx_word' id='word_1_89' title='bbox 2066 1508 2195 1550; x_wconf 87' lang='lat' dir='ltr'><strong>mu·</strong></span> 
     </span>
     <span class='ocr_line' id='line_1_13' title="bbox 290 1587 2388 1671; baseline -0.001 -21"><span class='ocrx_word' id='word_1_90' title='bbox 290 1591 482 1661; x_wconf 64' lang='lat' dir='ltr'><strong>nitunt,</strong></span> <span class='ocrx_word' id='word_1_91' title='bbox 521 1599 591 1649; x_wconf 86' lang='lat' dir='ltr'><strong>ut</strong></span> <span class='ocrx_word' id='word_1_92' title='bbox 613 1609 687 1649; x_wconf 80' lang='lat' dir='ltr'><strong>ea</strong></span> <span class='ocrx_word' id='word_1_93' title='bbox 710 1588 849 1649; x_wconf 84' lang='lat' dir='ltr'><strong>sede</strong></span> <span class='ocrx_word' id='word_1_94' title='bbox 873 1588 1018 1650; x_wconf 87' lang='lat' dir='ltr'><strong>belli</strong></span> <span class='ocrx_word' id='word_1_95' title='bbox 1045 1599 1380 1650; x_wconf 88' lang='lat' dir='ltr'><strong>uterentur:</strong></span> <span class='ocrx_word' id='word_1_96' title='bbox 1424 1589 1811 1671; x_wconf 60' lang='lat' dir='ltr'><strong>prmidioque</strong></span> <span class='ocrx_word' id='word_1_97' title='bbox 1838 1587 1914 1647; x_wconf 90' lang='lat' dir='ltr'><strong>ad</strong></span> <span class='ocrx_word' id='word_1_98' title='bbox 1940 1587 2099 1647; x_wconf 86' lang='lat' dir='ltr'><strong>urbis</strong></span> <span class='ocrx_word' id='word_1_99' title='bbox 2132 1596 2196 1647; x_wconf 89' lang='lat' dir='ltr'><strong>et</strong></span> <span class='ocrx_word' id='word_1_100' title='bbox 2219 1598 2388 1647; x_wconf 77' lang='lat' dir='ltr'><strong>Zonar.</strong></span> 
     </span>
     <span class='ocr_line' id='line_1_14' title="bbox 292 1684 2389 1769; baseline -0.002 -21"><span class='ocrx_word' id='word_1_101' title='bbox 292 1689 417 1768; x_wconf 73' lang='lat' dir='ltr'><strong>agri</strong></span> <span class='ocrx_word' id='word_1_102' title='bbox 441 1686 772 1748; x_wconf 78' lang='lat' dir='ltr'><strong>custodiam</strong></span> <span class='ocrx_word' id='word_1_103' title='bbox 813 1687 1108 1769; x_wconf 73' lang='lat' dir='ltr'><strong>imposito,</strong></span> <span class='ocrx_word' id='word_1_104' title='bbox 1154 1707 1290 1748; x_wconf 90' lang='lat' dir='ltr'><strong>cum</strong></span> <span class='ocrx_word' id='word_1_105' title='bbox 1316 1687 1527 1748; x_wconf 84' lang='lat' dir='ltr'><strong>ceteris</strong></span> <span class='ocrx_word' id='word_1_106' title='bbox 1551 1686 1821 1747; x_wconf 83' lang='lat' dir='ltr'><strong>omnibus</strong></span> <span class='ocrx_word' id='word_1_107' title='bbox 1854 1685 2040 1767; x_wconf 86' lang='lat' dir='ltr'><strong>copiis</strong></span> <span class='ocrx_word' id='word_1_108' title='bbox 2065 1684 2192 1745; x_wconf 82' lang='lat' dir='ltr'><strong>lon-</strong></span> <span class='ocrx_word' id='word_1_109' title='bbox 2215 1695 2389 1760; x_wconf 78' lang='lat' dir='ltr'><strong>Polyb.</strong></span> 
     </span>
     <span class='ocr_line' id='line_1_15' title="bbox 289 1784 2197 1866; baseline -0.002 -21"><span class='ocrx_word' id='word_1_110' title='bbox 289 1787 420 1866; x_wconf 76' lang='lat' dir='ltr'><strong>gius</strong></span> <span class='ocrx_word' id='word_1_111' title='bbox 461 1785 769 1866; x_wconf 75' lang='lat' dir='ltr'><strong>progressi,</strong></span> <span class='ocrx_word' id='word_1_112' title='bbox 811 1784 1196 1845; x_wconf 75' lang='lat' dir='ltr'><strong>cultissimum</strong></span> <span class='ocrx_word' id='word_1_113' title='bbox 1249 1785 1569 1864; x_wconf 77' lang='lat' dir='ltr'><strong>regionem,</strong></span> <span class='ocrx_word' id='word_1_114' title='bbox 1625 1793 1825 1866; x_wconf 84' lang='lat' dir='ltr'><strong>utpote</strong></span> <span class='ocrx_word' id='word_1_115' title='bbox 1874 1802 2009 1863; x_wconf 77' lang='lat' dir='ltr'><strong>quae</strong></span> <span class='ocrx_word' id='word_1_116' title='bbox 2061 1790 2197 1864; x_wconf 80' lang='lat' dir='ltr'><strong>post</strong></span> 
     </span>
     <span class='ocr_line' id='line_1_16' title="bbox 290 1881 2191 1964; baseline -0.002 -21"><span class='ocrx_word' id='word_1_117' title='bbox 290 1882 654 1962; x_wconf 79' lang='lat' dir='ltr'><strong>Agathoclis</strong></span> <span class='ocrx_word' id='word_1_118' title='bbox 675 1891 942 1964; x_wconf 82' lang='lat' dir='ltr'><strong>tempora</strong></span> <span class='ocrx_word' id='word_1_119' title='bbox 971 1882 1188 1942; x_wconf 82' lang='lat' dir='ltr'><strong>ferrum</strong></span> <span class='ocrx_word' id='word_1_120' title='bbox 1218 1882 1427 1943; x_wconf 85' lang='lat' dir='ltr'><strong>hostile</strong></span> <span class='ocrx_word' id='word_1_121' title='bbox 1459 1903 1577 1943; x_wconf 89' lang='lat' dir='ltr'><strong>non</strong></span> <span class='ocrx_word' id='word_1_122' title='bbox 1611 1881 1860 1954; x_wconf 80' lang='lat' dir='ltr'><strong>viderat,</strong></span> <span class='ocrx_word' id='word_1_123' title='bbox 1901 1900 2191 1963; x_wconf 87' lang='lat' dir='ltr'><strong>perpopu-</strong></span> 
     </span>
     <span class='ocr_line' id='line_1_17' title="bbox 291 1979 2192 2060; baseline -0.002 -20"><span class='ocrx_word' id='word_1_124' title='bbox 291 1979 487 2040; x_wconf 75' lang='lat' dir='ltr'><strong>hntnr</strong></span> <span class='ocrx_word' id='word_1_125' title='bbox 514 2000 529 2039; x_wconf 91' lang='lat'><strong>:</strong></span> <span class='ocrx_word' id='word_1_126' title='bbox 599 1979 774 2040; x_wconf 76' lang='lat' dir='ltr'><strong>villas</strong></span> <span class='ocrx_word' id='word_1_127' title='bbox 822 1979 1170 2060; x_wconf 76' lang='lat' dir='ltr'><strong>magnificas</strong></span> <span class='ocrx_word' id='word_1_128' title='bbox 1229 1979 1446 2041; x_wconf 78' lang='lat' dir='ltr'><strong>multas</strong></span> <span class='ocrx_word' id='word_1_129' title='bbox 1504 1980 1847 2041; x_wconf 81' lang='lat' dir='ltr'><strong>destruunt:</strong></span> <span class='ocrx_word' id='word_1_130' title='bbox 1916 1996 2192 2057; x_wconf 79' lang='lat' dir='ltr'><strong>magnam</strong></span> 
     </span>
     <span class='ocr_line' id='line_1_18' title="bbox 288 2074 2193 2160; baseline -0.001 -23"><span class='ocrx_word' id='word_1_131' title='bbox 288 2076 744 2158; x_wconf 76' lang='lat' dir='ltr'><strong>quadrupedum</strong></span> <span class='ocrx_word' id='word_1_132' title='bbox 779 2078 1070 2160; x_wconf 68' lang='lat' dir='ltr'><strong>praedam,</strong></span> <span class='ocrx_word' id='word_1_133' title='bbox 1114 2079 1414 2138; x_wconf 77' lang='lat' dir='ltr'><strong>hominum</strong></span> <span class='ocrx_word' id='word_1_134' title='bbox 1459 2086 1745 2160; x_wconf 68' lang='lat' dir='ltr'><strong>praeterea</strong></span> <span class='ocrx_word' id='word_1_135' title='bbox 1778 2097 1955 2159; x_wconf 86' lang='lat' dir='ltr'><strong>supra</strong></span> <span class='ocrx_word' id='word_1_136' title='bbox 1987 2074 2193 2156; x_wconf 80' lang='lat' dir='ltr'><strong>viginti</strong></span> 
     </span>
     <span class='ocr_line' id='line_1_19' title="bbox 288 2173 2194 2258; baseline 0.002 -25"><span class='ocrx_word' id='word_1_137' title='bbox 288 2174 478 2234; x_wconf 87' lang='lat' dir='ltr'><strong>millia</strong></span> <span class='ocrx_word' id='word_1_138' title='bbox 503 2173 826 2246; x_wconf 70' lang='lat' dir='ltr'><strong>abdircunt,</strong></span> <span class='ocrx_word' id='word_1_139' title='bbox 854 2175 1083 2236; x_wconf 81' lang='lat' dir='ltr'><strong>nemine</strong></span> <span class='ocrx_word' id='word_1_140' title='bbox 1112 2176 1419 2257; x_wconf 81' lang='lat' dir='ltr'><strong>prohibere</strong></span> <span class='ocrx_word' id='word_1_141' title='bbox 1447 2196 1609 2236; x_wconf 85' lang='lat' dir='ltr'><strong>auso.</strong></span> <span class='ocrx_word' id='word_1_142' title='bbox 1688 2175 1932 2257; x_wconf 81' lang='lat' dir='ltr'><strong>Oppida</strong></span> <span class='ocrx_word' id='word_1_143' title='bbox 1958 2197 2194 2258; x_wconf 84' lang='lat' dir='ltr'><strong>quoque</strong></span> 
     </span>
     <span class='ocr_line' id='line_1_20' title="bbox 285 2271 2385 2354; baseline 0.002 -23"><span class='ocrx_word' id='word_1_144' title='bbox 285 2272 477 2332; x_wconf 85' lang='lat' dir='ltr'><strong>multa</strong></span> <span class='ocrx_word' id='word_1_145' title='bbox 502 2273 565 2333; x_wconf 82' lang='lat' dir='ltr'><strong>vi</strong></span> <span class='ocrx_word' id='word_1_146' title='bbox 608 2281 714 2332; x_wconf 85' lang='lat' dir='ltr'><strong>aut</strong></span> <span class='ocrx_word' id='word_1_147' title='bbox 752 2271 1054 2334; x_wconf 83' lang='lat' dir='ltr'><strong>deditione</strong></span> <span class='ocrx_word' id='word_1_148' title='bbox 1097 2274 1376 2354; x_wconf 81' lang='lat' dir='ltr'><strong>capiunt:</strong></span> <span class='ocrx_word' id='word_1_149' title='bbox 1439 2274 1498 2333; x_wconf 88' lang='lat' dir='ltr'><strong>in</strong></span> <span class='ocrx_word' id='word_1_150' title='bbox 1534 2272 1626 2334; x_wconf 88' lang='lat' dir='ltr'><strong>his</strong></span> <span class='ocrx_word' id='word_1_151' title='bbox 1664 2271 2039 2354; x_wconf 77' lang='lat' dir='ltr'><strong>perfugarum</strong></span> <span class='ocrx_word' id='word_1_152' title='bbox 2083 2274 2191 2335; x_wconf 89' lang='lat' dir='ltr'><strong>ali-</strong></span> <span class='ocrx_word' id='word_1_153' title='bbox 2216 2285 2385 2336; x_wconf 75' lang='lat' dir='ltr'><strong>zonat.</strong></span> 
     </span>
     <span class='ocr_line' id='line_1_21' title="bbox 285 2370 2192 2451; baseline 0.002 -21"><span class='ocrx_word' id='word_1_154' title='bbox 285 2371 466 2450; x_wconf 72' lang='lat' dir='ltr'><strong>quem</strong></span> <span class='ocrx_word' id='word_1_155' title='bbox 489 2389 794 2430; x_wconf 78' lang='lat' dir='ltr'><strong>numerum</strong></span> <span class='ocrx_word' id='word_1_156' title='bbox 821 2370 1289 2451; x_wconf 72' lang='lat' dir='ltr'><strong>deprehendunt,</strong></span> <span class='ocrx_word' id='word_1_157' title='bbox 1323 2390 1716 2451; x_wconf 79' lang='lat' dir='ltr'><strong>magnamque</strong></span> <span class='ocrx_word' id='word_1_158' title='bbox 1741 2370 1864 2430; x_wconf 81' lang='lat' dir='ltr'><strong>vim</strong></span> <span class='ocrx_word' id='word_1_159' title='bbox 1888 2379 2192 2450; x_wconf 82' lang='lat' dir='ltr'><strong>captorum</strong></span> 
     </span>
     <span class='ocr_line' id='line_1_22' title="bbox 286 2468 2195 2548; baseline 0.001 -19"><span class='ocrx_word' id='word_1_160' title='bbox 286 2469 569 2548; x_wconf 76' lang='lat' dir='ltr'><strong>proximis</strong></span> <span class='ocrx_word' id='word_1_161' title='bbox 593 2468 766 2528; x_wconf 86' lang='lat' dir='ltr'><strong>hellis</strong></span> <span class='ocrx_word' id='word_1_162' title='bbox 788 2469 1006 2529; x_wconf 80' lang='lat' dir='ltr'><strong>civium</strong></span> <span class='ocrx_word' id='word_1_163' title='bbox 1033 2468 1443 2530; x_wconf 73' lang='lat' dir='ltr'><strong>Romanorum</strong></span> <span class='ocrx_word' id='word_1_164' title='bbox 1470 2469 1757 2529; x_wconf 84' lang='lat' dir='ltr'><strong>liberant:</strong></span> <span class='ocrx_word' id='word_1_165' title='bbox 1800 2488 1948 2548; x_wconf 87' lang='lat' dir='ltr'><strong>quos</strong></span> <span class='ocrx_word' id='word_1_166' title='bbox 1970 2471 2119 2529; x_wconf 87' lang='lat' dir='ltr'><strong>inter</strong></span> <span class='ocrx_word' id='word_1_167' title='bbox 2131 2479 2195 2530; x_wconf 91' lang='lat' dir='ltr'><strong>et</strong></span> 
     </span>
     <span class='ocr_line' id='line_1_23' title="bbox 287 2565 2191 2649; baseline 0 -23"><span class='ocrx_word' id='word_1_168' title='bbox 287 2566 402 2626; x_wconf 86' lang='lat' dir='ltr'><strong>Cn.</strong></span> <span class='ocrx_word' id='word_1_169' title='bbox 428 2565 769 2628; x_wconf 68' lang='lat' dir='ltr'><strong>Cornelium</strong></span> <span class='ocrx_word' id='word_1_170' title='bbox 788 2566 965 2627; x_wconf 80' lang='lat' dir='ltr'><strong>fuisse</strong></span> <span class='ocrx_word' id='word_1_171' title='bbox 984 2566 1356 2640; x_wconf 74' lang='lat' dir='ltr'><strong>crediderim,</strong></span> <span class='ocrx_word' id='word_1_172' title='bbox 1383 2569 1485 2649; x_wconf 89' lang='lat' dir='ltr'><strong>qui</strong></span> <span class='ocrx_word' id='word_1_173' title='bbox 1510 2568 1781 2649; x_wconf 80' lang='lat' dir='ltr'><strong>proximo</strong></span> <span class='ocrx_word' id='word_1_174' title='bbox 1801 2575 1933 2648; x_wconf 80' lang='lat' dir='ltr'><strong>poet</strong></span> <span class='ocrx_word' id='word_1_175' title='bbox 1956 2567 2191 2627; x_wconf 89' lang='lat' dir='ltr'><strong>biennio</strong></span> 
     </span>
     <span class='ocr_line' id='line_1_24' title="bbox 281 2664 1077 2727; baseline 0.001 -2"><span class='ocrx_word' id='word_1_176' title='bbox 281 2665 486 2725; x_wconf 76' lang='lat' dir='ltr'><strong>constrl</strong></span> <span class='ocrx_word' id='word_1_177' title='bbox 513 2664 726 2725; x_wconf 83' lang='lat' dir='ltr'><strong>iterum</strong></span> <span class='ocrx_word' id='word_1_178' title='bbox 749 2664 945 2725; x_wconf 82' lang='lat' dir='ltr'><strong>factus</strong></span> <span class='ocrx_word' id='word_1_179' title='bbox 967 2674 1077 2727; x_wconf 72' lang='lat' dir='ltr'><strong>est.</strong></span> 
     </span>
    </p>

    <p class='ocr_par' dir='ltr' id='par_1_5' title="bbox 281 2761 2520 3735">
     <span class='ocr_line' id='line_1_25' title="bbox 361 2761 2387 2843; baseline 0 -21"><span class='ocrx_word' id='word_1_180' title='bbox 361 2769 466 2824; x_wconf 74' lang='lat'><strong>1³.</strong></span> <span class='ocrx_word' id='word_1_181' title='bbox 511 2762 678 2822; x_wconf 79' lang='lat' dir='ltr'><strong>Dum</strong></span> <span class='ocrx_word' id='word_1_182' title='bbox 708 2764 840 2823; x_wconf 77' lang='lat' dir='ltr'><strong>haec</strong></span> <span class='ocrx_word' id='word_1_183' title='bbox 881 2772 1152 2842; x_wconf 78' lang='lat' dir='ltr'><strong>aguntur,</strong></span> <span class='ocrx_word' id='word_1_184' title='bbox 1182 2763 1286 2843; x_wconf 88' lang='lat' dir='ltr'><strong>qui</strong></span> <span class='ocrx_word' id='word_1_185' title='bbox 1313 2761 1579 2823; x_wconf 87' lang='lat' dir='ltr'><strong>Romam</strong></span> <span class='ocrx_word' id='word_1_186' title='bbox 1607 2784 1646 2823; x_wconf 86' lang='lat' dir='ltr'><strong>a</strong></span> <span class='ocrx_word' id='word_1_187' title='bbox 1670 2762 2010 2824; x_wconf 83' lang='lat' dir='ltr'><strong>consulibus</strong></span> <span class='ocrx_word' id='word_1_188' title='bbox 2034 2765 2193 2824; x_wconf 79' lang='lat' dir='ltr'><strong>missi</strong></span> <span class='ocrx_word' id='word_1_189' title='bbox 2217 2772 2387 2839; x_wconf 78' lang='lat' dir='ltr'><strong>Polyb.</strong></span> 
     </span>
     <span class='ocr_line' id='line_1_26' title="bbox 283 2859 2194 2937; baseline 0.001 -17"><span class='ocrx_word' id='word_1_190' title='bbox 283 2859 542 2937; x_wconf 80' lang='lat' dir='ltr'><strong>fuerant,</strong></span> <span class='ocrx_word' id='word_1_191' title='bbox 587 2881 725 2920; x_wconf 83' lang='lat' dir='ltr'><strong>cum</strong></span> <span class='ocrx_word' id='word_1_192' title='bbox 766 2861 1059 2922; x_wconf 81' lang='lat' dir='ltr'><strong>mandatis</strong></span> <span class='ocrx_word' id='word_1_193' title='bbox 1099 2868 1335 2921; x_wconf 73' lang='lat' dir='ltr'><strong>senatm</strong></span> <span class='ocrx_word' id='word_1_194' title='bbox 1371 2863 1761 2922; x_wconf 82' lang='lat' dir='ltr'><strong>revertuntur.</strong></span> <span class='ocrx_word' id='word_1_195' title='bbox 1862 2860 2194 2923; x_wconf 84' lang='lat' dir='ltr'><strong>Jubebatur</strong></span> 
     </span>
     <span class='ocr_line' id='line_1_27' title="bbox 284 2958 2188 3041; baseline 0.001 -22"><span class='ocrx_word' id='word_1_196' title='bbox 284 2969 478 3019; x_wconf 80' lang='lat' dir='ltr'><strong>autem</strong></span> <span class='ocrx_word' id='word_1_197' title='bbox 499 2958 656 3020; x_wconf 81' lang='lat' dir='ltr'><strong>alter</strong></span> <span class='ocrx_word' id='word_1_198' title='bbox 681 2980 880 3020; x_wconf 90' lang='lat' dir='ltr'><strong>eorum</strong></span> <span class='ocrx_word' id='word_1_199' title='bbox 908 2960 968 3020; x_wconf 85' lang='lat' dir='ltr'><strong>in</strong></span> <span class='ocrx_word' id='word_1_200' title='bbox 997 2958 1215 3020; x_wconf 80' lang='lat' dir='ltr'><strong>Africa</strong></span> <span class='ocrx_word' id='word_1_201' title='bbox 1241 2979 1476 3022; x_wconf 87' lang='lat' dir='ltr'><strong>manere</strong></span> <span class='ocrx_word' id='word_1_202' title='bbox 1503 2981 1641 3021; x_wconf 85' lang='lat' dir='ltr'><strong>cum</strong></span> <span class='ocrx_word' id='word_1_203' title='bbox 1665 2979 1740 3020; x_wconf 89' lang='lat' dir='ltr'><strong>ea</strong></span> <span class='ocrx_word' id='word_1_204' title='bbox 1764 2968 1930 3041; x_wconf 78' lang='lat' dir='ltr'><strong>parte</strong></span> <span class='ocrx_word' id='word_1_205' title='bbox 1956 2960 2188 3031; x_wconf 80' lang='lat' dir='ltr'><strong>virium,</strong></span> 
     </span>
     <span class='ocr_line' id='line_1_28' title="bbox 282 3057 2189 3139; baseline -0.001 -21"><span class='ocrx_word' id='word_1_206' title='bbox 282 3077 459 3137; x_wconf 77' lang='lat' dir='ltr'><strong>quam</strong></span> <span class='ocrx_word' id='word_1_207' title='bbox 516 3058 750 3117; x_wconf 82' lang='lat' dir='ltr'><strong>retineri</strong></span> <span class='ocrx_word' id='word_1_208' title='bbox 792 3077 868 3118; x_wconf 86' lang='lat' dir='ltr'><strong>ex</strong></span> <span class='ocrx_word' id='word_1_209' title='bbox 915 3057 1221 3139; x_wconf 76' lang='lat' dir='ltr'><strong>republica</strong></span> <span class='ocrx_word' id='word_1_210' title='bbox 1269 3058 1676 3136; x_wconf 81' lang='lat' dir='ltr'><strong>judicassent3</strong></span> <span class='ocrx_word' id='word_1_211' title='bbox 1742 3058 1895 3118; x_wconf 83' lang='lat' dir='ltr'><strong>alter</strong></span> <span class='ocrx_word' id='word_1_212' title='bbox 1935 3067 2189 3118; x_wconf 84' lang='lat' dir='ltr'><strong>ceteram</strong></span> 
     </span>
     <span class='ocr_line' id='line_1_29' title="bbox 281 3149 2386 3238; baseline -0.001 -22"><span class='ocrx_word' id='word_1_213' title='bbox 281 3155 526 3216; x_wconf 66' lang='lat' dir='ltr'><strong>clamem</strong></span> <span class='ocrx_word' id='word_1_214' title='bbox 555 3163 622 3215; x_wconf 90' lang='lat' dir='ltr'><strong>et</strong></span> <span class='ocrx_word' id='word_1_215' title='bbox 657 3156 860 3238; x_wconf 78' lang='lat' dir='ltr'><strong>copias</strong></span> <span class='ocrx_word' id='word_1_216' title='bbox 887 3154 1150 3216; x_wconf 81' lang='lat' dir='ltr'><strong>Romam</strong></span> <span class='ocrx_word' id='word_1_217' title='bbox 1176 3149 1473 3216; x_wconf 78' lang='lat' dir='ltr'><strong>reducere.</strong></span> <span class='ocrx_word' id='word_1_218' title='bbox 1561 3156 1662 3216; x_wconf 85' lang='lat' dir='ltr'><strong>Sic</strong></span> <span class='ocrx_word' id='word_1_219' title='bbox 1705 3156 2040 3216; x_wconf 85' lang='lat' dir='ltr'><strong>imminente</strong></span> <span class='ocrx_word' id='word_1_220' title='bbox 2057 3155 2249 3235; x_wconf 73' lang='lat' dir='ltr'><strong>jaurz</strong></span> <span class='ocrx_word' id='word_1_221' title='bbox 2253 3191 2386 3224; x_wconf 60' lang='lat' dir='ltr'><strong>ooooo</strong></span> 
     </span>
     <span class='ocr_line' id='line_1_30' title="bbox 283 3251 2392 3338; baseline -0 -26"><span class='ocrx_word' id='word_1_222' title='bbox 283 3252 516 3334; x_wconf 73' lang='lat' dir='ltr'><strong>hyeme,</strong></span> <span class='ocrx_word' id='word_1_223' title='bbox 545 3253 760 3312; x_wconf 69' lang='lat' dir='ltr'><strong>mansit</strong></span> <span class='ocrx_word' id='word_1_224' title='bbox 789 3253 881 3313; x_wconf 90' lang='lat' dir='ltr'><strong>M.</strong></span> <span class='ocrx_word' id='word_1_225' title='bbox 910 3252 1187 3332; x_wconf 81' lang='lat' dir='ltr'><strong>Regulus</strong></span> <span class='ocrx_word' id='word_1_226' title='bbox 1212 3272 1347 3313; x_wconf 90' lang='lat' dir='ltr'><strong>cum</strong></span> <span class='ocrx_word' id='word_1_227' title='bbox 1364 3251 1698 3333; x_wconf 86' lang='lat' dir='ltr'><strong>quindecim</strong></span> <span class='ocrx_word' id='word_1_228' title='bbox 1718 3253 1898 3312; x_wconf 78' lang='lat' dir='ltr'><strong>ferme</strong></span> <span class='ocrx_word' id='word_1_229' title='bbox 1928 3252 2190 3333; x_wconf 85' lang='lat' dir='ltr'><strong>peditum</strong></span> <span class='ocrx_word' id='word_1_230' title='bbox 2215 3273 2392 3338; x_wconf 68' lang='lat' dir='ltr'><strong>Polyb,</strong></span> 
     </span>
     <span class='ocr_line' id='line_1_31' title="bbox 283 3349 2386 3430; baseline -0.001 -20"><span class='ocrx_word' id='word_1_231' title='bbox 283 3349 564 3420; x_wconf 81' lang='lat' dir='ltr'><strong>millibus,</strong></span> <span class='ocrx_word' id='word_1_232' title='bbox 611 3351 910 3430; x_wconf 75' lang='lat' dir='ltr'><strong>equitibus</strong></span> <span class='ocrx_word' id='word_1_233' title='bbox 962 3350 1317 3429; x_wconf 78' lang='lat' dir='ltr'><strong>quingentis,</strong></span> <span class='ocrx_word' id='word_1_234' title='bbox 1362 3360 1425 3411; x_wconf 89' lang='lat' dir='ltr'><strong>et</strong></span> <span class='ocrx_word' id='word_1_235' title='bbox 1474 3353 1726 3411; x_wconf 82' lang='lat' dir='ltr'><strong>navibus</strong></span> <span class='ocrx_word' id='word_1_236' title='bbox 1779 3349 2187 3430; x_wconf 77' lang='lat' dir='ltr'><strong>quadraginta.</strong></span> <span class='ocrx_word' id='word_1_237' title='bbox 2215 3372 2386 3423; x_wconf 81' lang='lat' dir='ltr'><strong>zonat.</strong></span> 
     </span>
     <span class='ocr_line' id='line_1_32' title="bbox 284 3447 2391 3536; baseline -0 -29"><span class='ocrx_word' id='word_1_238' title='bbox 284 3447 558 3508; x_wconf 74' lang='lat' dir='ltr'><strong>Classem·</strong></span> <span class='ocrx_word' id='word_1_239' title='bbox 577 3447 864 3528; x_wconf 80' lang='lat' dir='ltr'><strong>reliquam</strong></span> <span class='ocrx_word' id='word_1_240' title='bbox 889 3449 1200 3529; x_wconf 72' lang='lat' dir='ltr'><strong>mancipiis</strong></span> <span class='ocrx_word' id='word_1_241' title='bbox 1224 3458 1286 3508; x_wconf 91' lang='lat' dir='ltr'><strong>et</strong></span> <span class='ocrx_word' id='word_1_242' title='bbox 1309 3447 1512 3529; x_wconf 78' lang='lat' dir='ltr'><strong>praeda</strong></span> <span class='ocrx_word' id='word_1_243' title='bbox 1528 3458 1798 3510; x_wconf 81' lang='lat' dir='ltr'><strong>onustam</strong></span> <span class='ocrx_word' id='word_1_244' title='bbox 1827 3448 1896 3507; x_wconf 91' lang='lat' dir='ltr'><strong>L.</strong></span> <span class='ocrx_word' id='word_1_245' title='bbox 1927 3447 2193 3507; x_wconf 83' lang='lat' dir='ltr'><strong>Manlius</strong></span> <span class='ocrx_word' id='word_1_246' title='bbox 2214 3471 2391 3536; x_wconf 63' lang='lat' dir='ltr'><strong>Polyb,</strong></span> 
     </span>
     <span class='ocr_line' id='line_1_33' title="bbox 285 3544 2517 3627; baseline -0.001 -20"><span class='ocrx_word' id='word_1_247' title='bbox 285 3544 502 3607; x_wconf 76' lang='lat' dir='ltr'><strong>Siciliae</strong></span> <span class='ocrx_word' id='word_1_248' title='bbox 532 3546 729 3606; x_wconf 84' lang='lat' dir='ltr'><strong>littora</strong></span> <span class='ocrx_word' id='word_1_249' title='bbox 755 3556 885 3607; x_wconf 87' lang='lat' dir='ltr'><strong>tuto</strong></span> <span class='ocrx_word' id='word_1_250' title='bbox 910 3555 1324 3627; x_wconf 64' lang='lat' dir='ltr'><strong>praetervectus</strong></span> <span class='ocrx_word' id='word_1_251' title='bbox 1346 3548 1405 3606; x_wconf 88' lang='lat' dir='ltr'><strong>in</strong></span> <span class='ocrx_word' id='word_1_252' title='bbox 1425 3547 1629 3606; x_wconf 89' lang='lat' dir='ltr'><strong>urbem</strong></span> <span class='ocrx_word' id='word_1_253' title='bbox 1655 3547 1995 3626; x_wconf 83' lang='lat' dir='ltr'><strong>reportavit.</strong></span> <span class='ocrx_word' id='word_1_254' title='bbox 2040 3544 2187 3627; x_wconf 87' lang='lat' dir='ltr'><strong>Sep·</strong></span> <span class='ocrx_word' id='word_1_255' title='bbox 2216 3572 2353 3621; x_wconf 69' lang='lat' dir='ltr'><strong>Oros.</strong></span> <span class='ocrx_word' id='word_1_256' title='bbox 2376 3573 2517 3619; x_wconf 61' lang='lat' dir='ltr'><strong>mg,</strong></span> 
     </span>
     <span class='ocr_line' id='line_1_34' title="bbox 283 3643 2520 3735; baseline -0 -32"><span class='ocrx_word' id='word_1_257' title='bbox 283 3653 394 3703; x_wconf 87' lang='lat' dir='ltr'><strong>tem</strong></span> <span class='ocrx_word' id='word_1_258' title='bbox 422 3653 488 3704; x_wconf 87' lang='lat' dir='ltr'><strong>et</strong></span> <span class='ocrx_word' id='word_1_259' title='bbox 515 3644 722 3723; x_wconf 69' lang='lat' dir='ltr'><strong>viginti</strong></span> <span class='ocrx_word' id='word_1_260' title='bbox 767 3644 957 3705; x_wconf 87' lang='lat' dir='ltr'><strong>millia</strong></span> <span class='ocrx_word' id='word_1_261' title='bbox 982 3644 1352 3726; x_wconf 84' lang='lat' dir='ltr'><strong>captivorum</strong></span> <span class='ocrx_word' id='word_1_262' title='bbox 1380 3644 1457 3703; x_wconf 90' lang='lat' dir='ltr'><strong>ab</strong></span> <span class='ocrx_word' id='word_1_263' title='bbox 1484 3644 1597 3705; x_wconf 89' lang='lat' dir='ltr'><strong>hoc</strong></span> <span class='ocrx_word' id='word_1_264' title='bbox 1623 3643 1884 3704; x_wconf 82' lang='lat' dir='ltr'><strong>Romam</strong></span> <span class='ocrx_word' id='word_1_265' title='bbox 1930 3643 2190 3703; x_wconf 89' lang='lat' dir='ltr'><strong>deducta</strong></span> <span class='ocrx_word' id='word_1_266' title='bbox 2212 3669 2345 3720; x_wconf 71' lang='lat' dir='ltr'><strong>Fasti</strong></span> <span class='ocrx_word' id='word_1_267' title='bbox 2357 3666 2520 3735; x_wconf 78' lang='lat' dir='ltr'><strong>Capit.</strong></span> 
     </span>
    </p>
   </div>
   <div class='ocr_carea' id='block_1_5' title="bbox 285 3741 2188 3822">
    <p class='ocr_par' dir='ltr' id='par_1_6' title="bbox 285 3741 2188 3822">
     <span class='ocr_line' id='line_1_35' title="bbox 285 3741 2188 3822; baseline -0.002 -21"><span class='ocrx_word' id='word_1_268' title='bbox 285 3742 525 3822; x_wconf 85' lang='lat' dir='ltr'><strong>reperio,</strong></span> <span class='ocrx_word' id='word_1_269' title='bbox 572 3742 961 3822; x_wconf 80' lang='lat' dir='ltr'><strong>navalemque</strong></span> <span class='ocrx_word' id='word_1_270' title='bbox 1004 3742 1081 3802; x_wconf 91' lang='lat' dir='ltr'><strong>de</strong></span> <span class='ocrx_word' id='word_1_271' title='bbox 1125 3741 1334 3802; x_wconf 77' lang='lat' dir='ltr'><strong>Poenis</strong></span> <span class='ocrx_word' id='word_1_272' title='bbox 1374 3742 1676 3802; x_wconf 86' lang='lat' dir='ltr'><strong>decretum</strong></span> <span class='ocrx_word' id='word_1_273' title='bbox 1727 3742 1779 3800; x_wconf 90' lang='lat' dir='ltr'><strong>ei</strong></span> <span class='ocrx_word' id='word_1_274' title='bbox 1830 3741 2188 3819; x_wconf 82' lang='lat' dir='ltr'><strong>triumphum</strong></span> 
     </span>
    </p>
   </div>
   <div class='ocr_carea' id='block_1_6' title="bbox 283 3824 2189 4116">
    <p class='ocr_par' dir='ltr' id='par_1_7' title="bbox 283 3824 2189 4116">
     <span class='ocr_line' id='line_1_36' title="bbox 283 3824 2187 3901; baseline -0.002 -1"><span class='ocrx_word' id='word_1_275' title='bbox 283 3859 418 3899; x_wconf 71' lang='lat' dir='ltr'><strong>esse.</strong></span> <span class='ocrx_word' id='word_1_276' title='bbox 507 3824 668 3900; x_wconf 76' lang='lat' dir='ltr'><strong>Post</strong></span> <span class='ocrx_word' id='word_1_277' title='bbox 693 3841 824 3900; x_wconf 83' lang='lat' dir='ltr'><strong>haec</strong></span> <span class='ocrx_word' id='word_1_278' title='bbox 846 3839 977 3900; x_wconf 86' lang='lat' dir='ltr'><strong>Ser.</strong></span> <span class='ocrx_word' id='word_1_279' title='bbox 1010 3839 1256 3900; x_wconf 81' lang='lat' dir='ltr'><strong>Fulvius</strong></span> <span class='ocrx_word' id='word_1_280' title='bbox 1284 3840 1378 3900; x_wconf 88' lang='lat' dir='ltr'><strong>M.</strong></span> <span class='ocrx_word' id='word_1_281' title='bbox 1397 3840 1472 3900; x_wconf 84' lang='lat' dir='ltr'><strong>F.</strong></span> <span class='ocrx_word' id='word_1_282' title='bbox 1502 3840 1597 3901; x_wconf 88' lang='lat' dir='ltr'><strong>M.</strong></span> <span class='ocrx_word' id='word_1_283' title='bbox 1617 3838 1705 3899; x_wconf 87' lang='lat' dir='ltr'><strong>N.</strong></span> <span class='ocrx_word' id='word_1_284' title='bbox 1751 3838 2024 3899; x_wconf 80' lang='lat' dir='ltr'><strong>Paetinus</strong></span> <span class='ocrx_word' id='word_1_285' title='bbox 2051 3837 2187 3897; x_wconf 88' lang='lat' dir='ltr'><strong>No-</strong></span> 
     </span>
     <span class='ocr_line' id='line_1_37' title="bbox 288 3934 2189 4008; baseline -0.001 -13"><span class='ocrx_word' id='word_1_286' title='bbox 288 3935 486 4008; x_wconf 76' lang='lat' dir='ltr'><strong>bffior,</strong></span> <span class='ocrx_word' id='word_1_287' title='bbox 523 3947 589 3997; x_wconf 91' lang='lat' dir='ltr'><strong>et</strong></span> <span class='ocrx_word' id='word_1_288' title='bbox 631 3937 725 3997; x_wconf 88' lang='grc' dir='ltr'><strong>Μ.</strong></span> <span class='ocrx_word' id='word_1_289' title='bbox 775 3937 1052 4003; x_wconf 82' lang='lat' dir='ltr'><strong>AEmilius</strong></span> <span class='ocrx_word' id='word_1_290' title='bbox 1082 3937 1176 3999; x_wconf 88' lang='lat' dir='ltr'><strong>M.</strong></span> <span class='ocrx_word' id='word_1_291' title='bbox 1224 3936 1296 3996; x_wconf 83' lang='lat' dir='ltr'><strong>F.</strong></span> <span class='ocrx_word' id='word_1_292' title='bbox 1343 3936 1416 4000; x_wconf 91' lang='lat' dir='ltr'><strong>L.</strong></span> <span class='ocrx_word' id='word_1_293' title='bbox 1447 3937 1537 3997; x_wconf 89' lang='lat' dir='ltr'><strong>N.</strong></span> <span class='ocrx_word' id='word_1_294' title='bbox 1621 3936 1880 3997; x_wconf 84' lang='lat' dir='ltr'><strong>Paullus</strong></span> <span class='ocrx_word' id='word_1_295' title='bbox 1922 3934 2189 3996; x_wconf 83' lang='lat' dir='ltr'><strong>consules</strong></span> 
     </span>
     <span class='ocr_line' id='line_1_38' title="bbox 293 4031 2185 4116; baseline -0.001 -22"><span class='ocrx_word' id='word_1_296' title='bbox 293 4031 478 4095; x_wconf 60' lang='lat' dir='ltr'><strong>factis</strong></span> <span class='ocrx_word' id='word_1_297' title='bbox 565 4034 694 4096; x_wconf 72' lang='lat' dir='ltr'><strong>His</strong></span> <span class='ocrx_word' id='word_1_298' title='bbox 720 4034 934 4097; x_wconf 85' lang='lat' dir='ltr'><strong>Sicilia</strong></span> <span class='ocrx_word' id='word_1_299' title='bbox 959 4044 1021 4096; x_wconf 91' lang='lat' dir='ltr'><strong>et</strong></span> <span class='ocrx_word' id='word_1_300' title='bbox 1045 4035 1249 4096; x_wconf 78' lang='lat' dir='ltr'><strong>classis</strong></span> <span class='ocrx_word' id='word_1_301' title='bbox 1279 4036 1594 4116; x_wconf 83' lang='lat' dir='ltr'><strong>provinciae</strong></span> <span class='ocrx_word' id='word_1_302' title='bbox 1635 4034 1908 4096; x_wconf 83' lang='lat' dir='ltr'><strong>decretae.</strong></span> <span class='ocrx_word' id='word_1_303' title='bbox 1978 4032 2185 4112; x_wconf 81' lang='lat' dir='ltr'><strong>Regu-</strong></span> 
     </span>
    </p>
   </div>
   <div class='ocr_carea' id='block_1_7' title="bbox 738 4156 1775 4242">
    <p class='ocr_par' dir='ltr' id='par_1_8' title="bbox 738 4156 1775 4242">
     <span class='ocr_line' id='line_1_39' title="bbox 738 4156 1775 4242; baseline -0.004 -32"><span class='ocrx_word' id='word_1_304' title='bbox 738 4162 802 4210; x_wconf 73' lang='lat'><strong>12</strong></span> <span class='ocrx_word' id='word_1_305' title='bbox 817 4158 971 4242; x_wconf 45' lang='lat' dir='ltr'><strong>edd.</strong></span> <span class='ocrx_word' id='word_1_306' title='bbox 997 4165 1119 4209; x_wconf 80' lang='lat' dir='ltr'><strong>aute</strong></span> <span class='ocrx_word' id='word_1_307' title='bbox 1144 4157 1375 4209; x_wconf 76' lang='lat' dir='ltr'><strong>Crevier.</strong></span> <span class='ocrx_word' id='word_1_308' title='bbox 1393 4157 1597 4208; x_wconf 71' lang='lat' dir='ltr'><strong>victores</strong></span> <span class='ocrx_word' id='word_1_309' title='bbox 1615 4156 1775 4221; x_wconf 73' lang='lat' dir='ltr'><strong>copioe.</strong></span> 
     </span>
    </p>
   </div>
   <div class='ocr_carea' id='block_1_8' title="bbox 1079 4251 1400 4276">
    <p class='ocr_par' dir='ltr' id='par_1_9' title="bbox 1079 4251 1400 4276">
     <span class='ocr_line' id='line_1_40' title="bbox 1079 4251 1400 4276; baseline -0.003 -1"><span class='ocrx_word' id='word_1_310' title='bbox 1079 4253 1162 4275; x_wconf 70' lang='lat'><strong>000</strong></span> <span class='ocrx_word' id='word_1_311' title='bbox 1171 4253 1342 4276; x_wconf 48' lang='lat'><strong>“0090</strong></span> <span class='ocrx_word' id='word_1_312' title='bbox 1348 4251 1400 4274; x_wconf 70' lang='lat'><strong>00</strong></span> 
     </span>
    </p>
   </div>
   <div class='ocr_carea' id='block_1_9' title="bbox 863 4321 1631 4382">
    <p class='ocr_par' dir='ltr' id='par_1_10' title="bbox 863 4321 1631 4382">
     <span class='ocr_line' id='line_1_41' title="bbox 863 4321 1631 4382; baseline -0.005 -8"><span class='ocrx_word' id='word_1_313' title='bbox 863 4331 888 4356; x_wconf 81' lang='lat'><em>⁰</em></span> <span class='ocrx_word' id='word_1_314' title='bbox 922 4322 988 4374; x_wconf 84' lang='grc' dir='ltr'><strong>Α.</strong></span> <span class='ocrx_word' id='word_1_315' title='bbox 1013 4323 1079 4374; x_wconf 85' lang='lat' dir='ltr'><strong>U.</strong></span> <span class='ocrx_word' id='word_1_316' title='bbox 1106 4324 1168 4376; x_wconf 88' lang='lat' dir='ltr'><strong>C.</strong></span> <span class='ocrx_word' id='word_1_317' title='bbox 1191 4327 1304 4382; x_wconf 67' lang='lat'><strong>⁴97.</strong></span> <span class='ocrx_word' id='word_1_318' title='bbox 1342 4321 1407 4373; x_wconf 82' lang='grc' dir='ltr'><strong>Α.</strong></span> <span class='ocrx_word' id='word_1_319' title='bbox 1431 4322 1495 4373; x_wconf 90' lang='lat' dir='ltr'><strong>C.</strong></span> <span class='ocrx_word' id='word_1_320' title='bbox 1513 4324 1631 4371; x_wconf 73' lang='lat'><strong>26⁵.</strong></span> 
     </span>
    </p>
   </div>
  </div>
 </body>
</html>
