3025 4892
472 377 645 448 1582

475 743 644 792 Zonar-

472 841 518 890 T
518 840 778 904 aditu-ap.

476 906 542 1022 ἑ.
557 905 688 955 Gen.
702 919 777 957 vx.

510 1135 661 1186 Diod.
694 1148 776 1201 ap.

476 1201 645 1252 Valcs.
677 1201 713 1251 l.

477 1280 629 1315 xxiv.

858 394 932 445 ‘1'-
978 393 1164 444 mvn
1214 393 1421 444 unm
1470 391 1703 444 xvlu.
1746 393 2393 446 suvrnssussu‘ruu.

799 539 967 611 levit,
1010 538 1351 601 calamitate
1389 540 1476 601 sic
1517 538 1745 621 perlata
1779 538 2146 614 formatior,
2193 559 2371 622 quam
2395 541 2446 601 si
2471 540 2695 602 evitare

800 637 1196 697 imminentem
1231 637 1530 718 potuisset.

876 740 981 795 06.
1025 734 1258 795 Audito
1281 732 1399 794 fine
1430 732 1680 813 Reguli,
1720 741 1785 794 et
1815 734 2068 794 barbara
2094 733 2412 795 Poeuorum
2437 733 2693 806 feritate,

800 840 1035 891 senams
1081 831 1472 892 nobilissimos
1515 832 1880 913 captivorum
1930 830 2180 891 Marciae
2229 830 2544 911 liberisque
2586 831 2691 892 de-

801 927 995 990 didit:
1036 949 1184 1010 quos
1223 928 1314 989 illi
1359 928 1664 990 conclusos
1707 929 1769 988 in
1814 928 2063 988 armasio
2087 929 2407 989 muricibus
2446 927 2694 1014 praefixo

803 1026 929 1107 pari
964 1046 1037 1087 ac
1078 1024 1349 1104 Regulus
1388 1015 1690 1086 interierat
1722 1025 2018 1107 supplicio
2042 1026 2382 1086 excruciare
2414 1026 2695 1086 constitu·

801 1132 992 1195 eruut,
1047 1121 1340 1183 alimentis
1384 1123 1563 1183 etiam
1605 1143 1709 1204 per
1756 1121 1884 1182 dies
1926 1124 2233 1183 continuos
2276 1123 2533 1202 quinque
2575 1142 2692 1184 non

803 1220 1105 1301 pmbitis:
1175 1220 1331 1280 iutra
1393 1218 1555 1301 quod
1619 1227 1851 1301 tempus
1902 1218 2117 1279 Bostar
2168 1217 2394 1279 Poenus
2453 1237 2692 1279 moerore

801 1317 1075 1397 fameque
1112 1317 1404 1377 extabuit.
1495 1315 1816 1377 Hamilcar
1862 1337 2003 1376 vero
2039 1316 2277 1389 firmior,
2320 1316 2502 1376 etiam
2542 1315 2694 1378 alios

798 1415 1059 1493 quinque
1083 1413 1212 1474 dies
1233 1433 1369 1473 cum
1391 1413 1680 1474 cadavere
1698 1412 1961 1473 Bostaris
1987 1412 2265 1484 inclusus,
2281 1414 2536 1494 ciboque
2561 1422 2692 1474 tan-

802 1516 927 1569 tum
968 1509 1047 1569 ad
1085 1511 1270 1570 vitam
1306 1529 1443 1570 cum
1483 1510 1720 1570 miseria
1760 1509 2184 1591 prorogandam
2209 1509 2378 1580 dato,
2419 1508 2689 1571 duravit:

800 1606 989 1667 donec
1025 1607 1263 1686 cog-nito
1303 1606 1447 1686 quid
1488 1606 1676 1677 fieret,
1718 1608 2163 1686 magistratuum
2196 1606 2439 1688 imperio
2462 1608 2694 1668 saevitia

798 1703 1056 1765 coercita
1075 1713 1184 1778 est,
1215 1704 1657 1784 injunctumque
1680 1713 1749 1765 ut
1765 1703 2028 1764 Bostaris
2042 1704 2334 1765 cineribus
2356 1703 2417 1763 iu
2441 1704 2692 1784 patriam

801 1802 1051 1862 remissis
1095 1801 1306 1883 reliqui
1350 1802 1716 1883 captivorum
1765 1801 1962 1862 mitius
1999 1801 2366 1862 habereumr.
2451 1799 2691 1862 Morum

802 1898 1099 1978 utriusque
1121 1898 1379 1959 civitatis
1401 1898 1767 1959 memorabili
1789 1897 2162 1960 discrimine:
2195 1918 2332 1959 cum
2366 1896 2555 1958 altera
2583 1918 2694 1960 nec

802 1995 999 2075 inique
1026 1994 1189 2068 lusu,
1232 2016 1343 2058 uec
1367 1996 1604 2077 impune
1630 1994 1860 2066 laesura,
1894 1997 2192 2067 virtutem,
2224 2015 2403 2076 quam
2425 1997 2694 2056 venerari

800 2090 1106 2164 debuerat,
1155 2091 1297 2153 diris
1335 2093 1641 2174 suppliciis
1689 2092 2090 2172 extingueret:
2134 2091 2320 2153 altera
2347 2093 2693 2173 justioeimoe

800 2186 1076 2248 vindicta
1121 2198 1364 2271 poneret
1401 2188 1664 2260 modum,
1718 2209 1833 2250 non
1885 2210 2062 2270 quem
2112 2190 2392 2272 poscebat
2435 2191 2696 2250 irritatus

800 2283 991 2356 dolor,
1037 2284 1142 2347 sed
1181 2306 1357 2367 quem
1390 2287 1715 2348 reverentia
1739 2287 2136 2361 humanitatis,
2174 2295 2238 2349 et
2276 2287 2491 2349 decora
2514 2285 2695 2347 claris

800 2382 1057 2465 imperiis
1079 2383 1401 2446 moderatio
1417 2383 1888 2446 commendabat.
