3025 4892
806 379 1014 434 usar
1066 379 1297 430 xvrn.
1339 378 1985 432 surrnsnssruu.
2332 366 2504 433 1575

272 539 392 604 que
425 520 585 584 fossa
616 541 763 605 opus
786 543 911 584 eme
940 521 1302 602 judicantes,
1326 523 1508 585 nullis
1537 524 1779 587 defensa
1801 526 2174 588 munimentis
2197 537 2351 592 Diod.

267 622 531 686 tentoria
571 620 850 699 figerent:
904 641 976 680 eo
1020 641 1157 682 cum
1195 621 1337 682 lixae
1376 632 1840 705 mercatoresque
1881 626 2176 703 ingentem

273 736 570 782 annonam
594 716 1022 798 plurimumque
1046 718 1170 779 vini
1202 718 1633 791 convexissent,
1656 722 1999 783 ,mercenarii
2027 720 2180 782 Car·

272 813 728 893 thaginiensium
770 814 941 875 avide
966 815 1178 876 hausto
1203 834 1387 886 mero,
1411 815 1767 879 clamoribus
1790 817 2058 891 dissonis,
2085 829 2180 879 tu·

273 909 586 990 multaque
619 920 683 972 et
714 913 980 994 strepitu,
995 910 1201 992 ,qualis
1223 912 1567 975 ebrietatem
1590 916 1756 995 sequi
1785 915 1959 988 solet,
1983 916 2182 977 omnia

265 1008 671 1089 complevere.

354 1111 457 1166 53.
499 1104 656 1165 Tum
693 1127 836 1167 vero
875 1107 1285 1189 tempestivum
1330 1106 1657 1189 proconsuli
1703 1108 1916 1181 visum,
1957 1109 2181 1170 emissis
2202 1108 2376 1176 Polyb.

275 1202 576 1284 expeditis
613 1204 811 1265 hostes
852 1203 930 1265 ad
974 1225 1234 1287 pugnam
1277 1204 1597 1287 prolicere:
1649 1208 2045 1289 processitque
2088 1228 2181 1268 res

273 1300 363 1359 ita
398 1298 678 1370 feliciter,
704 1309 772 1361 ut
794 1299 926 1361 aliis
949 1300 1198 1382 aliisque
1222 1301 1469 1362 subinde
1494 1303 2020 1384 prorumpentibus,
2046 1312 2178 1364 tan-

273 1395 412 1457 dem
435 1406 600 1458 totus
624 1396 1031 1460 Hasdrubalis
1053 1401 1347 1460 exercitus
1364 1420 1398 1460 e
1417 1401 1624 1461 castris
1647 1400 2011 1462 educeretur.
2079 1400 2181 1463 Ibi

275 1494 348 1555 L.
378 1492 666 1555 Caecilius
705 1495 1046 1576 proconsule
1085 1505 1312 1578 partem
1350 1496 1597 1558 velitum
1622 1506 1758 1558 ante
1783 1497 1999 1559 fossam
2023 1498 2183 1560 urbis

273 1589 570 1672 dhponit:
613 1591 706 1652 his
745 1591 1010 1674 imperat,
1052 1593 1103 1653 si
1144 1592 1383 1673 quidem
1425 1593 1728 1675 elephanti
1768 1595 2004 1678 propius
2044 1615 2181 1675 sug·

275 1689 455 1767 gressi
495 1698 711 1760 essent,
753 1689 937 1750 densa
976 1690 1034 1750 in
1076 1710 1180 1751 eos
1216 1690 1342 1752 tela
1377 1692 1733 1771 conjiciant:
1776 1694 1827 1753 si
1867 1702 2181 1772 urgeantur

273 1785 410 1866 ipsi,
439 1785 735 1865 refugiant
761 1788 819 1847 in
844 1786 1056 1859 fossas,
1079 1796 1256 1868 atque
1280 1808 1506 1849 rursum
1531 1787 1669 1849 inde
1692 1798 2011 1850 conentur:
2056 1811 2180 1851 sor-

274 1881 450 1952 didos
501 1882 744 1965 opifices
792 1894 856 1946 et
901 1884 1189 1947 forensem
1239 1886 1470 1947 turbm
1520 1897 1888 1969 comportare
1939 1886 2186 1948 missilia

264 1980 467 2059 jubet,
495 1990 559 2042 et
596 1990 768 2042 extra
809 2002 1004 2044 muros
1043 1983 1349 2065 projicere,
1376 2003 1450 2044 ne
1477 1984 1654 2065 copia
1676 1984 1882 2046 horum
1904 1983 2185 2045 velitibus

273 2076 468 2138 desit:
519 2078 856 2158 sagittarios
906 2079 966 2140 in
1016 2080 1198 2140 muris
1248 2079 1442 2141 locat:
1496 2081 1621 2162 ipse
1673 2102 1808 2143 cum
1849 2082 2186 2144 cohortibus

273 2175 564 2253 gravioris
608 2184 915 2237 armatura:
963 2177 1120 2238 intra
1164 2185 1415 2258 portam,
1458 2178 1674 2240 dextro
1711 2179 1963 2241 hostium
2003 2200 2184 2241 cornu

274 2272 611 2344 obversam,
657 2274 969 2336 instructus
1013 2284 1366 2355 paratusque
1410 2277 1697 2336 consistit.
1797 2276 2039 2338 Interea
2082 2273 2185 2358 qui

275 2368 546 2448 pralium
589 2372 1020 2443 commiserant,
1055 2371 1232 2433 modo
1272 2372 1648 2435 multitudine
1688 2373 1940 2434 hostium
1982 2375 2184 2454 pressi,

272 2469 522 2532 servatis
555 2465 855 2528 ordinibus
887 2468 1218 2530 referebant
1249 2469 1482 2551 pedem,
1508 2468 1688 2530 modo
1723 2469 2052 2529 recentibus
2088 2490 2185 2529 su·

274 2585 440 2626 orum
485 2563 727 2625 auxiliis
765 2564 1120 2638 confirmati,
1147 2585 1280 2646 quae
1322 2565 1635 2648 proconsul
1680 2565 2001 2627 identidem
2026 2585 2186 2626 sum-

276 2662 554 2723 mittebat
593 2660 1016 2734 laborantibus,
1044 2682 1301 2745 pugnam
1331 2663 1733 2723 sustinebant:
1775 2682 1910 2724 cum
1935 2671 2190 2723 rectores

273 2758 726 2840 elephantorum
767 2758 1142 2820 aemulatione
1185 2761 1429 2832 incensi,
1468 2779 1590 2839 quo
1626 2761 1735 2841 ipsi
1776 2759 1972 2841 potius
2010 2777 2191 2837 quam

277 2853 636 2917 Hasdrubal
674 2864 940 2916 auctores
978 2856 1241 2917 victoriae
1280 2855 1458 2916 fuisse
1498 2856 1856 2928 viderentur,
1882 2855 2193 2917 concitatis

273 2952 496 3013 belluis
533 2951 881 3032 proturbant
922 2950 1308 3025 adversarios,
1337 2962 1402 3014 et
1433 2953 1513 3014 ad
1539 2955 1744 3015 urbem
1767 2974 1831 3014 se
1856 2952 2190 3033 recipienti·

274 3049 383 3112 bus
429 3051 667 3110 incaute
707 3050 1016 3122 instantes,
1056 3047 1136 3109 ad
1178 3050 1366 3133 ipsam
1406 3071 1593 3132 usque
1632 3050 1847 3113 fossam
1892 3048 2190 3131 progredi·

274 3155 474 3209 untur.

354 3252 461 3306 ⁵4.
506 3243 612 3304 Ibi
646 3265 807 3316 vero,
835 3265 971 3306 cum
985 3255 1059 3308 et
1096 3266 1135 3307 a
1159 3247 1446 3307 moenibus
1470 3248 1813 3325 sagittarum
1837 3245 2069 3305 nimbus
2093 3265 2188 3304 ru·
2212 3267 2337 3382 Ἑωὲ,
2339 3266 2521 3322 ffim

275 3351 422 3414 eret,
443 3349 509 3401 et
527 3361 568 3402 a
590 3341 942 3413 recentibus,
968 3345 1072 3423 qui
1099 3352 1236 3404 ante
1261 3343 1475 3404 fossam
1498 3351 1807 3413 steterant,
1830 3341 2015 3402 hastae
2038 3340 2233 3401 veli-¹

275 3448 434 3500 tates
474 3437 782 3499 confertim
813 3440 1175 3518 jacerentur,
1217 3439 1471 3501 confecti
1511 3438 1851 3502 vulneribus
1893 3437 2192 3519 elephanti

273 3537 507 3606 saevire,
550 3536 930 3616 conversique
971 3557 1092 3617 quo
1129 3536 1301 3598 dolor
1333 3545 1397 3597 et
1435 3537 1524 3597 ira
1562 3535 1815 3607 ferebat,
1857 3535 2192 3596 incumbere

275 3633 420 3705 suis,
447 3641 740 3713 proterere
764 3633 991 3704 obvios,
1020 3634 1360 3715 perturbare
1382 3642 1446 3694 et
1479 3632 1798 3694 dissolvere
1823 3631 2059 3694 ordines
2084 3651 2191 3696 ,ar-

278 3738 576 3789 matorum
595 3749 859 3810 coepere:
903 3750 1023 3810 quo
1048 3729 1476 3802 animadverso,
1503 3729 1837 3811 proconsul,
1865 3739 1882 3765 ⁶
1907 3728 2019 3788 hoc
2044 3726 2193 3787 illud

274 3845 406 3886 me
431 3836 668 3906 tempus
691 3826 938 3906 provisoe
962 3827 1066 3888 diu
1101 3828 1389 3892 victoriae'
1423 3827 1755 3896 clamitans,
1781 3833 1986 3906 aperta
2025 3833 2196 3905 porta

275 3923 644 4003 prorumpit:
687 3942 877 4004 neque
917 3922 1161 3985 difficile
1200 3933 1500 3985 certamen
1545 3922 1838 3984 instructis
1870 3929 1934 3981 et
1954 3939 2194 4001 compo-

274 4019 412 4079 sitis
451 4017 734 4079 adversus
773 4019 1133 4102 trepidantes
1172 4029 1237 4080 et
1271 4022 1543 4084 turbatos
1571 4019 1720 4080 fuit:
1763 4036 1980 4096 magna
2002 4015 2197 4078 caedes

277 4116 695 4196 pugnantium,
731 4136 949 4195 magna
987 4117 1341 4197 fugientium
1379 4117 1566 4187 facta,
1600 4136 1742 4177 casu
1783 4112 2064 4196 quodam,
2092 4112 2195 4194 qui

279 4211 624 4293 praesidium
664 4211 900 4275 afflictis
923 4214 1129 4276 afferre
1151 4214 1458 4287 debuerat,
1485 4214 1640 4274 ultro
1664 4211 2062 4273 calamitatem
2089 4229 2193 4268 au-

2211 3339 2387 3465 Plolyb.
