3025 4892
856 361 1064 413 LIBRI
1117 361 1280 411 xvl.
1323 359 1672 412 suppum
1682 360 1883 412 138th
1896 360 1969 410 Μ.

289 505 498 568 castr-is
512 503 721 587 Mylas
735 505 959 577 urbem,
971 515 1036 566 et
1049 505 1108 566 in
1123 525 1199 566 ea
1211 503 1426 565 milites
1438 502 1601 565 mille
1617 505 1984 585 quingentos,
1995 503 2189 586 capit:

287 604 428 665 inde
454 603 718 664 castellis
736 602 964 684 aliquot
980 602 1114 665 aliis
1130 603 1342 685 raptim
1362 603 1602 684 potitae,
1627 601 1973 663 Ameselum
1992 623 2196 684 proce·

291 700 401 772 «lit,
430 699 628 760 medio
664 701 812 761 inter
845 699 1144 781 Agyrium
1169 708 1231 760 et
1272 698 1627 780 Centuripoe
1665 699 1798 761 loco
1833 700 2030 760 situm.
2112 698 2193 759 Id

291 817 555 878 quoque,
583 796 724 857 licet
760 797 1180 857 munitionibus
1214 804 1276 857 et
1319 796 1591 878 prasidio
1631 793 1862 857 firmum
1886 806 2057 869 esset,
2082 816 2193 856 ex-

289 901 622 976 pugnatum
640 892 857 954 diruit:
900 893 1286 975 praesidiarios
1311 894 1371 954 in
1398 892 1578 954 fidem
1604 903 1878 976 acceptos
1901 894 2013 954 sibi
2039 892 2195 953 mili-

289 999 417 1051 tare
437 991 640 1069 cogit:
684 1010 888 1070 agrum
911 990 1336 1052 Ameselanum
1363 989 1765 1073 Centuripinis
1789 990 2190 1073 Agyrinisque

292 1086 536 1148 dividit.

371 1190 477 1244 16.
519 1180 669 1243 Hoc
687 1202 957 1244 successu
981 1203 1173 1245 rerum
1192 1183 1442 1246 alacrior
1458 1183 1656 1245 denuo
1678 1183 1740 1244 in
1760 1181 1908 1243 fines
1933 1182 2196 1244 Mamer-

293 1282 555 1341 tinorum
580 1278 784 1341 irruit:
829 1280 1083 1342 Alesum
1121 1282 1406 1363 oppidum
1444 1281 1744 1342 deditione
1778 1281 1979 1364 capit:
2023 1279 2199 1340 Aba·

294 1376 558 1438 caninos
600 1385 779 1457 atque
824 1375 1179 1458 Tyndaritas
1227 1380 1483 1460 ipsorum
1534 1378 1839 1440 voluntate
1891 1376 2198 1458 adjungit:

295 1475 380 1534 sic
407 1473 490 1533 ab
532 1481 782 1553 utroque
815 1473 962 1533 mari
1006 1476 1291 1555 proximis
1335 1475 1630 1536 Messanae
1668 1474 1911 1535 urbibus
1946 1472 2203 1533 Hieroni

298 1569 663 1650 parentibus,
685 1571 849 1647 (nam
870 1569 949 1630 ad
971 1570 1285 1633 Etruscum
1311 1591 1471 1632 mare
1495 1569 1885 1653 Tyndaritani
1909 1570 2201 1640 habitant,

179 1727 188 1732 .
301 1664 574 1727 Siculum
598 1664 974 1727 Tauromenii
1015 1667 1312 1740 accolunt,
1346 1678 1414 1730 et
1446 1668 1559 1749 ipsi
1595 1667 2095 1749 Syracusanorum
2129 1686 2204 1727 eo

300 1771 568 1844 tempore
593 1762 789 1839 socii,)
818 1762 1182 1837 Mamertini,
1219 1766 1278 1826 in
1305 1774 1532 1826 arctum
1557 1764 1773 1837 coacti,
1802 1762 1920 1825 Cio
1943 1762 2202 1850 quodam

300 1867 554 1939 praetore
572 1859 775 1940 copias
809 1870 1119 1942 opponunt
1158 1862 1336 1933 hosti,
1365 1860 1443 1922 ad
1486 1861 1833 1941 Longanum
1874 1879 2106 1920 amnem
2143 1859 2202 1919 in

2345 340 2518 409 1509

306 1954 541 2036 Mylaeo
582 1974 795 2037 campo
837 1965 1031 2017 casn-a
1075 1958 1338 2019 habenti.
1420 1957 1645 2037 Pugna
1687 1957 2015 2029 commissa,
2066 1975 2203 2017 cum
2225 1965 2405 2033 Polyb.
2427 1970 2529 2017 no.

302 2051 488 2112 dubio
533 2051 735 2112 Marte
770 2062 1112 2125 certaretur,
1148 2055 1344 2115 subito
1388 2055 1448 2114 in
1484 2054 1674 2116 latera
1717 2053 2203 2114 Mamertinorum
2228 2032 2431 2083 ⁰³⁰⁶*

304 2168 511 2210 recens
553 2148 812 2230 impacta
852 2150 1060 2210 cohors
1102 2151 1262 2211 haud
1305 2150 1549 2212 dubiam
1599 2149 1855 2228 Hieroni
1900 2150 2207 2211 victoriam

306 2244 595 2306 tradidit:
639 2264 776 2305 nam
801 2255 938 2306 ante
963 2247 1229 2327 praelium
1256 2249 1453 2312 Hiero
1470 2246 1756 2308 ducentos
1784 2246 2208 2308 Messeniorum

306 2342 537 2414 exules,
557 2340 899 2402 fortitudine
924 2351 988 2404 et
1013 2344 1501 2405 Mamertinorum
1520 2344 1659 2404 odio
1677 2352 2019 2425 praestantes
2035 2343 2210 2414 viros,

307 2438 528 2500 additis
546 2437 623 2500 de
650 2459 758 2499 suo
783 2441 1044 2500 exercitu
1071 2440 1434 2502 delectorum
1468 2440 1932 2522 quadringentis,
1956 2440 2215 2499 vicinum

305 2535 549 2607 collem,
574 2536 674 2597 cui
699 2534 938 2597 Thorax
979 2557 1188 2600 nomen
1231 2547 1342 2611 est,
1388 2538 1716 2609 circumire,
1756 2537 2098 2617 hostemque
2122 2536 2214 2596 in·

308 2642 553 2694 cautum
597 2632 910 2713 improviso
948 2634 1179 2695 incursu
1213 2635 1447 2695 turbare
1476 2637 1750 2713 jusserat.
1839 2632 1897 2694 Ii
1937 2631 2217 2693 mandata

310 2729 580 2808 gnaviter
619 2730 858 2790 executi
897 2730 1239 2803 effecerunt,
1268 2741 1337 2792 ut
1375 2731 1677 2793 universus
1726 2729 2216 2790 Mamertinorum

310 2827 607 2887 exercitus
632 2826 1022 2888 internecione
1045 2827 1388 2891 caederetur.

389 2929 495 2986 17.
539 2921 708 2993 Cios,
743 2943 806 2983 re
847 2921 1177 3005 desperata,
1208 2919 1342 3003 jam
1378 2923 1525 2985 nihil
1568 2923 1729 2985 aliud
1766 2943 1944 3005 quam
1970 2932 2216 2983 mortem

313 3019 521 3079 mereri
566 3038 743 3079 manu
787 3020 1054 3101 cupiens,
1092 3020 1294 3082 multis
1328 3020 1669 3082 vulneribus
1694 3021 1943 3082 affectus
1963 3019 2216 3101 capitur,

313 3126 375 3176 et
398 3116 461 3175 in
487 3115 744 3176 hostium
767 3125 963 3178 castra
999 3116 1288 3179 deductus
1329 3117 1509 3179 fidem
1548 3127 1820 3179 extorum
1859 3118 2217 3198 aruspicum-

315 3233 432 3292 que
461 3211 924 3294 praedictionem,
950 3213 1073 3276 alio
1097 3234 1277 3295 quam
1317 3224 1653 3296 speraverat
1689 3222 1926 3285 eventu,
1952 3233 2218 3293 compro·

315 3308 439 3370 hat.
525 3307 699 3369 Nam
738 3320 876 3371 ante
914 3331 1169 3393 pugnam
1203 3311 1529 3372 immolanti
1560 3320 1727 3372 vates
1759 3310 2033 3392 inspectis
2067 3309 2223 3369 extis

319 3405 727 3485 promiserant,
783 3415 803 3442 ‘
844 3406 968 3467 fore
1014 3417 1080 3468 ut
1120 3409 1181 3468 in
1220 3408 1426 3469 castr-is
1468 3408 1778 3469 hostilibus
1819 3405 2223 3489 pernoctaret?

321 3500 403 3561 Id
429 3501 535 3563 ille
566 3501 625 3562 in
660 3516 841 3584 spem'
857 3504 1118 3565 victoriae
1151 3506 1410 3577 trahens,
1434 3525 1565 3566 sero
1587 3524 1650 3565 se
1676 3504 1954 3583 ambigua
1976 3500 2223 3583 praedic-

323 3598 501 3664 tionis
528 3598 1003 3683 interpretatione
1027 3600 1340 3684 deceptum
1366 3602 1623 3681 agnovit.
1708 3600 1856 3662 Hac
1881 3597 2225 3680 oegritndine

324 3695 654 3768 mm»
674 3716 812 3757 eum
838 3698 1116 3779 postridie
1143 3700 1294 3760 inter
1316 3719 1499 3780 equos
1522 3699 1788 3781 captivos
1811 3717 1945 3758 eum
1978 3695 2226 3764 videret,

327 3811 445 3872 quo
488 3791 651 3853 filius
693 3793 754 3852 in
804 3794 1009 3874 praelio
1049 3816 1187 3857 usus
1222 3794 1438 3867 fuerat,
1479 3797 1636 3857 hunc
1676 3795 1855 3856 etiam
1888 3791 2227 3854 occubuisse

332 3890 690 3970 conjectans,
716 3888 916 3952 fasciis
939 3891 1328 3972 fomentisque
1360 3892 1667 3953 vulnerum
1702 3889 1944 3952 revulsis
1965 3887 2227 3969 spiritum

335 3982 733 4066 indignantem
758 3986 987 4048 effudit.
1074 3989 1463 4050 Mamertinos
1488 3988 1662 4050 clade
1697 3994 1998 4068 comperta
2021 3983 2228 4063 despe-

339 4091 548 4154 rantes,
578 4085 831 4163 jamque
873 4084 1079 4145 victori
1118 4105 1253 4146 cum
1295 4085 1494 4146 infulis
1518 4085 1846 4167 supplicum
1868 4098 2226 4150 occursum,

344 4195 416 4236 ex
440 4179 743 4260 inopinato
770 4179 1004 4241 fortuna
1027 4182 1300 4244 servavit.
