3025 4892
497 355 672 423 2052
1435 368 1504 413 r.
1554 366 1742 415 mvn

498 523 661 595 erat,
690 523 830 580 tum
851 513 1241 597 praesidium
1271 512 1338 576 in
1368 506 1537 576 arce'
1552 509 1873 586 validum,
1902 507 2422 593 proefectumqne
2454 507 2683 591 praesi·

500 618 595 683 dii
622 617 799 681 haud
829 635 995 680 sane
1026 621 1479 698 opportunum
1508 612 1999 689 insidiantibus»,
2030 612 2337 676 habebat.
2383 610 2465 675 L.
2486 610 2686 674 Pina-

499 723 639 787 rius
668 727 808 785 erat
837 720 938 783 vir
968 738 1141 795 acer,
1173 723 1243 782 et
1274 718 1391 801 qui
1424 716 1578 801 plus
1609 716 1676 780 in
1707 735 1813 793 eo,
1843 734 1927 779 ne
1958 723 2194 799 posset
2221 713 2471 797 decipi,
2492 731 2686 795 qnam

501 824 573 888 in
621 822 752 886 fide
793 821 1195 897 Siculorum,
1243 825 1596 902 reponeret.
1684 818 1775 882 Et
1818 825 1956 882 tum
1983 816 2396 881 intenderant
2426 834 2578 878 eum
2606 813 2689 878 ad

504 924 784 1007 cavendi
816 923 1038 987 omnia
1066 941 1292 986 curam
1312 920 1362 960 ¹⁸
1395 928 1501 985 tot
1529 919 1780 985 auditae
1808 920 2225 1003 proditiones
2253 918 2693 982 defectiones-

502 1046 634 1112 que
673 1027 954 1101 urbium,
998 1030 1066 1088 et
1110 1023 1342 1088 clades
1382 1020 1870 1107 praesidiorum.
1961 1021 2196 1106 Itaque
2227 1027 2423 1085 nocte
2453 1018 2691 1103 dieque

490 1130 696 1214 juxta
723 1134 959 1212 parata
983 1127 1444 1210 instructaque
1467 1126 1692 1190 omnia
1723 1123 2053 1189 custodiis
2082 1143 2164 1187 ac
2193 1123 2443 1205 vigiliis
2471 1132 2689 1186 erant:

501 1251 624 1297 nec
674 1230 762 1296 ab
805 1229 1009 1293 armis
1058 1236 1176 1293 aut
1216 1228 1371 1293 loco
1411 1244 1539 1292 suo
1587 1227 1777 1291 miles
1817 1224 2244 1290 abscedebat.
2333 1222 2542 1303 Quod
2583 1224 2695 1287 ubi

508 1333 974 1399 Hennensium
1015 1330 1373 1415 principes,
1406 1330 1554 1414 jam
1594 1330 1779 1414 pacti
1824 1348 1976 1394 cum
2015 1327 2399 1392 Himilcone
2429 1326 2513 1391 de
2540 1345 2697 1410 pro·

506 1436 753 1500 ditione
804 1434 1123 1517 praesidii,
1185 1432 1806 1511 animadverterunt,
1846 1431 2009 1496 nulli
2055 1431 2396 1496 occasioni
2418 1427 2696 1494 'fraudis

507 1538 885 1603 Romanum
930 1545 1181 1620 patere,
1219 1536 1460 1620 palam'
1483 1543 1711 1600 rentur
1741 1530 2171 1618 agendum.¹⁹¹
2260 1539 2281 1569 ‘
2314 1532 2566 1598 Urbem
2600 1550 2697 1596 ar·

509 1661 788 1725 cemque
825 1660 968 1704 suae
1015 1639 1421 1724 potestati&
1462 1639 1678 1716 aiunt,
1731 1644 1751 1673 ‘
1788 1638 2026 1703 debere
2065 1658 2242 1713 esse,
2296 1639 2356 1703 si
2392 1638 2588 1702 liberi
2632 1637 2700 1700 in

509 1743 922 1812 societatem,
952 1759 1089 1804 non
1119 1741 1301 1806 servi
1329 1741 1401 1804 in
1432 1741 1826 1818 custodiam,
1851 1740 2081 1831 traditi
2103 1748 2331 1806 essent
2351 1739 2701 1805 Romanis.

507 1843 754 1926 ltaque
784 1843 1010 1907 claves
1040 1850 1379 1925 portarum
1417 1841 1609 1907 reddi
1640 1842 1807 1908 sibi’
1834 1862 2104 1929 aequum
2135 1849 2435 1909 censent.
2510 1848 2533 1877 ‘
2566 1842 2701 1906 Bo·

508 1948 611 2011 nis
640 1946 848 2011 sociis
880 1943 1080 2008 fidem
1113 1964 1306 2011 suam
1332 1945 1701 2011 maximum
1730 1947 2066 2011 vinculum
2101 1966 2296 2013 esse:
2345 1954 2416 2011 et
2444 1947 2541 2010 ita
2572 1944 2701 2009 sibi

508 2048 844 2133 populum
876 2046 1262 2112 Romanum
1293 2054 1737 2132 senatumque
1768 2050 2021 2132 gratias
2064 2049 2464 2129 habiturum,
2496 2049 2559 2113 si
2588 2067 2699 2113 vo-

507 2153 716 2216 lentes
760 2170 843 2217 ac
882 2171 1009 2216 non
1055 2152 1274 2216 coacti
1315 2152 1728 2218 mansissent
1766 2153 1836 2216 in
1876 2151 2220 2218 amicitia!
2301 2151 2413 2216 Ad
2445 2151 2702 2216 eaRo·

507 2273 764 2329 manuS,
812 2258 832 2287 ‘
868 2253 959 2318 Se
1003 2255 1067 2318 in
1099 2253 1415 2337 praesidio
1452 2255 1843 2337 impositum
1875 2254 2071 2333 esse,’
2110 2256 2348 2333 dicere,
2396 2260 2419 2289 ‘
2452 2256 2541 2319 ab
2581 2255 2700 2318 im·

510 2363 815 2438 peratore
864 2374 1026 2436 suo;
1074 2356 1443 2438 clavesque
1492 2362 1834 2438 portarum
1874 2366 1941 2422 et
1985 2359 2359 2423 custodiam
2400 2358 2578 2423 arcis
2616 2356 2701 2420 ab

513 2476 596 2521 eo
644 2457 1026 2541 accepisse,
1072 2476 1227 2540 quae
1270 2477 1390 2520 nec
1436 2476 1561 2520 suo
1605 2477 1731 2522 nec
1767 2458 2229 2524 Hennensium
2275 2460 2552 2524 arbitrio
2586 2458 2697 2522 ba·

512 2558 716 2635 beret,
743 2558 860 2623 sed
890 2561 1061 2645 ejus,
1094 2561 1212 2644 qui
1242 2560 1713 2624 commisisset.
1804 2561 2134 2627 Praesidio
2164 2562 2491 2626 decedere
2522 2560 2699 2645 apud

516 2659 870 2743 Romanos
903 2662 1159 2748 capital
1200 2669 1529 2744 esse32‘2m
1576 2669 1644 2727 et
1681 2684 1842 2730 nece
1894 2666 2245 2731 liberorum
2290 2665 2499 2729 etiam
2548 2683 2692 2728 suo-

1429 2841 1728 2865 omnoeee
1732 2844 1790 2865 00

513 2967 577 3014 1⁸
613 2965 692 3014 Aa
723 2965 976 3013 mundun
1014 2963 1140 3011 omni
1174 2977 1289 3012 eura
1326 2962 1461 3012 Edd.
1495 2970 1618 3012 ante
1652 2963 1884 3013 Gronov.
1918 2971 1972 3013 et
2007 2964 2241 3029 plerique
2262 2966 2527 3015 Μαι-19
2558 2966 2575 2993 ⁶
2598 2965 2694 3014 Pe·

510 3031 606 3079 lon
627 3036 792 3078 rentur
809 3029 1057 3089 agendum.
1122 3027 1185 3076 Id
1212 3028 1426 3093 antiqua
1456 3042 1613 3078 manu
1647 3036 1880 3078 notatum
1921 3030 1975 3079 in
2009 3045 2170 3091 marg.
2245 3031 2348 3079 Mn.
2377 3031 2527 3079 Voss.
2564 3036 2695 3094 pneu-

509 3099 614 3155 επις
650 3095 882 3155 aagendam
910 3107 958 3141 e.
998 3094 1121 3142 Put.
1150 3096 1390 3156 placuerat
1424 3096 1659 3155 agenda-⁸
1693 3095 1875 3159 reliqui
1897 3094 2024 3143 Mas.
2062 3104 2117 3144 et
2145 3095 2278 3146 Edd.
2316 3104 2442 3144 ante
2475 3095 2695 3146 Gronov.

513 3157 615 3207 nisi
641 3158 775 3221 qnod
799 3157 1007 3221 qnidam
1035 3157 1163 3205 Mss-
1190 3165 1310 3220 post
1339 3159 1579 3220 placuerat
1609 3157 1808 3208 addunt
1843 3161 1894 3209 ei
1931 3165 1983 3209 et
2017 3161 2185 3210 aliter:
2220 3159 2358 3211 Edd.
2382 3168 2559 3210 auten
2579 3169 2695 3211 ante

511 3220 638 3272 illud
660 3228 817 3286 aperte
837 3237 895 3270 ac
922 3224 1176 3285 propalam.
1244 3222 1377 3272 Edd.
1402 3224 1554 3274 Crev.
1576 3231 1632 3273 et
1655 3224 1819 3275 Gron.
1851 3223 2008 3286 palan·
2028 3231 2135 3275 emt
2155 3227 2392 3286 egenam
2413 3240 2482 3276 ex
2503 3226 2695 3276 emend.

515 3286 673 3350 Lipnss
710 3287 1044 3349 Rupere—2⁰
1076 3293 1090 3315 ·
1116 3287 1356 3336 Presidio
1390 3290 1611 3338 decedere
1646 3290 1771 3353 opud
1810 3288 2045 3339 Βοπωιιω
2074 3290 2251 3355 capital
2282 3306 2401 3341 ene.
2481 3292 2566 3342 Ita
2593 3292 2693 3343 Mt.

513 3351 640 3403 Put.
663 3360 719 3403 et
742 3351 862 3402 Pet.
885 3365 979 3416 pro
1003 3351 1139 3416 vulg.
1162 3352 1380 3417 capitale.
1414 3368 1463 3403 v.
1485 3354 1551 3403 ad
1578 3367 1666 3404 m.
1691 3358 1767 3406 11.
1784 3358 1836 3403 4.
1858 3364 1914 3404 et
1933 3354 2026 3405 su.
2052 3368 2180 3406 xm.
2204 3361 2318 3407 1⁵5.
2342 3357 2433 3424 qni
2453 3358 2504 3407 h.
2526 3359 2561 3408 l.
2578 3366 2693 3409 ante

1497 3533 1718 3585 NOTAE

485 3649 771 3701 -ΡΙιιῑοιιίιε
793 3649 968 3699 dicto.
1004 3649 1275 3703 Cluverius
1292 3664 1428 3701 nunc
1453 3652 1571 3701 Can·
1650 3648 1822 3713 fallor,
1866 3651 1919 3701 in
1963 3653 2195 3717 margine
2238 3652 2436 3704 codici·
2469 3652 2690 3703 venissi

512 3733 588 3778 tro
627 3728 782 3777 dauni
826 3726 929 3776 dici
979 3725 1109 3789 vult,
1153 3742 1271 3791 qum
1314 3728 1570 3792 hodieque
1650 3728 1930 3792 ascriptum
1970 3729 2185 3793 antiqua
2219 3743 2392 3793 mann,
2417 3736 2549 3779 teste
2569 3729 2690 3780 Gro-

512 3817 617 3854 uua
649 3813 726 3852 est
755 3816 821 3851 ex
859 3802 1114 3866 primarii·
1135 3802 1324 3853 Siciliae
1346 3803 1571 3853 civitati·
1650 3818 1771 3854 nov.
1800 3805 1959 3867 pelam
1978 3810 2147 3855 rentur
2160 3808 2426 3867 age-dum·
2459 3806 2544 3856 alii
2565 3805 2687 3856 enin

513 3877 608 3928 bu·
631 3877 684 3927 in
704 3877 852 3926 Valle
875 3878 1023 3928 Noti.
1057 3876 1161 3927 Sed
1182 3878 1425 3929 Nicolant
1440 3879 1568 3929 sm·
1650 3882 1831 3945 ncripti
1863 3881 2057 3932 habent
2075 3882 2318 3945 placuerat
2344 3885 2591 3945 agenda,
2618 3895 2689 3933 re-

510 3966 849 4016 nonnperene
867 3952 1034 4003 adbuc
1049 3955 1211 4004 Enna
1226 3970 1412 4006 nomeu
1429 3955 1569 4008 affir·
1651 3959 1770 4010 cisi·
1792 3959 1955 4009 tribus
1976 3959 2205 4016 vocibus,
2226 3974 2343 4025 qno
2381 3961 2436 4010 in
2466 3962 2686 4026 vnlgntin,

512 4037 619 4081 mat
641 4029 706 4079 ad
731 4028 980 4079 orientem
1018 4032 1199 4096 oppidi
1230 4033 1367 4083 illiue
1396 4035 1571 4085 Cedro
1652 4035 1739 4085 ubi
1785 4035 1976 4100 legitur
2016 4042 2178 4101 aperte
2213 4051 2269 4085 ac
2316 4038 2557 4100 propalam
2594 4042 2687 4086 end

511 4107 682 4156 sanni.
1652 4115 1926 4176 agendum,
2072 4158 2081 4165 .

578 4181 592 4214 ¹
623 4182 798 4230 Pala-u
817 4186 983 4230 rentur
1012 4180 1167 4246 [erat]
1199 4185 1455 4250 agendum]
1488 4188 1572 4237 Ex
1717 4196 1755 4222 ⁸
1791 4190 1981 4253 Capitel
2016 4187 2265 4253 [capitale]
2298 4190 2423 4254 este]
2475 4186 2684 4242 Quid·-

513 4259 809 4321 eonjectura
851 4256 1011 4321 bip-it
1050 4268 1152 4311 ent.
1236 4261 1472 4326 Optime,
1517 4264 1572 4313 ni
1651 4266 2187 4331 commum-leue.
2248 4264 2350 4316 Sed
2371 4261 2685 4331 quidboni
