3025 4892
2331 362 2509 431 2009

312 527 490 589 reat.
579 520 664 587 Si·
697 521 888 605 signa
929 522 1103 606 eJus,
1140 524 1200 589 si
1243 531 1463 590 castra
1506 532 1872 610 conspecta
1916 544 1957 590 a
2006 524 2305 591 Tarento
2352 528 2509 606 sint,

315 623 499 691 haud
532 624 742 691 ullam
780 624 1296 691 intercessuram
1333 632 1606 705 mora'm,
1636 628 1796 711 quin
1832 629 1995 693 urbs
2032 629 2336 695 dedatur.
2426 630 2510 697 Iu

318 734 658 815 potestate
703 728 1048 814 juniorum
1095 731 1381 815 plebem,
1410 733 1479 797 in
1520 752 1724 797 mauu
1772 733 1991 816 plebis
2026 754 2165 798 rem
2207 733 2511 800 Tarenti-

313 853 470 899 nam
500 833 698 899 esse.'
789 834 1138 899 Hannibal
1168 834 1593 901 collaudatos
1622 854 1739 900 eos
1769 842 2205 920 oneratosque
2241 838 2512 921 ingenti-

316 938 450 1002 bus
482 937 827 1021 promissis
874 937 1147 1003 domum
1190 938 1278 1002 ad
1327 948 1563 1022 coepta
1590 939 1988 1005 maturanda
2018 939 2233 1004 redire
2272 940 2509 1024 jubet:

317 1041 492 1105 sein
524 1047 825 1124 tempore
854 1040 1212 1106 affuturum
1238 1061 1417 1107 esse.
1506 1040 1667 1107 Hac
1706 1061 1859 1108 cum
1907 1062 2030 1127 spe
2073 1042 2332 1108 dimissi
2375 1042 2513 1108 Ta-

315 1144 581 1208 rentini.
672 1142 908 1229 Ipsum
956 1145 1188 1225 ingens
1231 1144 1482 1228 cupido
1529 1144 1900 1211 incesserat
1924 1139 2203 1211 Tarenti
2246 1147 2514 1231 potiun«

317 1247 441 1312 di.¹¹
500 1247 754 1315 Urbem
786 1267 939 1313 esse
969 1246 1265 1325 videbat,
1287 1266 1436 1312 cum
1468 1248 1855 1330 opulentam
1888 1250 2345 1332 nobilemque,
2373 1257 2515 1315 tum

315 1351 743 1429 maritimam,
788 1356 854 1415 et
890 1353 956 1417 in
1001 1349 1482 1416 Macedoniam
1516 1359 1893 1436 opportune
1915 1371 2180 1418 versam
2203 1371 2225 1415 ε
2265 1358 2515 1435 regem-

313 1473 453 1539 que
487 1453 878 1539 Philippum
918 1454 1094 1519 huno
1137 1460 1430 1537 portum,
1474 1456 1531 1518 si
1565 1456 1876 1520 transiret
1921 1456 1989 1520 in
2032 1454 2316 1532 Italiam,
2362 1474 2515 1523 cum

314 1554 753 1623 Brundisium
785 1556 1071 1622 Romani
1101 1558 1444 1636 haberent,
1477 1558 1868 1641 petiturum.
1941 1557 2151 1623 Sacro
2178 1558 2337 1623 inde
2367 1578 2513 1642 per-

309 1667 605 1746 petrato,
646 1661 731 1726 ad
778 1662 963 1747 quod
996 1670 1299 1740 venerat,
1338 1668 1428 1741 et,
1459 1660 1621 1727 dum
1652 1662 1751 1726 ibi
1780 1669 2100 1738 moratur,
2128 1667 2516 1745 pervastato

303 1783 480 1848 flgro
524 1764 825 1830 Cumano
874 1785 1089 1851 usque
1141 1765 1227 1832 ad
1279 1764 1534 1831 Miseni
1586 1765 2150 1849 promontorium,⁰
2189 1764 2518 1830 Puteolos

313 1874 586 1951 repente
618 1887 855 1952 agmen
886 1869 1233 1944 convertit,
1268 1869 1354 1934 ad
1385 1868 1895 1954 opprimendum
1940 1868 2332 1953 praesidium
2376 1867 2518 1934 Ro-

307 1990 609 2037 manum.
696 1971 841 2037 Sex
873 1972 1089 2037 millia
1136 1972 1475 2037 hominum
1522 1978 1732 2051 erant,
1763 1980 1836 2037 et
1878 1972 2075 2037 locus
2116 1973 2518 2037 munimento

309 2094 615 2160 quoque,
645 2094 776 2141 non
825 2084 1071 2141 natura
1121 2075 1347 2153 modo,
1397 2080 1613 2139 tutus.
1696 2074 2023 2139 Triduum
2072 2074 2168 2139 ibi
2216 2083 2519 2139 moratus

314 2177 597 2256 Poenus,
629 2179 719 2244 ab
764 2180 946 2244 omni
990 2185 1179 2263 parte
1229 2184 1486 2244 tentato
1535 2178 1886 2262 praesidio,
1928 2177 2193 2255 deinde,
2238 2187 2313 2242 ut
2354 2175 2521 2243 nihil

313 2282 751 2365 procedebat,
788 2283 873 2347 ad
921 2281 1388 2366 populandum
1430 2301 1659 2364 agrum
1706 2279 2255 2364 Neapolitanum,
2302 2280 2519 2361 magis
2574 2362 2584 2375 ρ

310 2383 417 2450 ira
445 2403 649 2470 quam
680 2385 1031 2471 potiundae
1064 2386 1250 2451 urbis
1281 2403 1429 2467 spe,
1458 2384 1813 2468 processit.
1900 2381 2214 2449 Adventu
2254 2382 2402 2467 ejus
2449 2384 2517 2447 in

239 2488 1052 2577 ἕψῃς-ω
1071 2488 1334 2554 Nolana
1378 2493 1560 2553 mota
1585 2492 1690 2552 est
1717 2487 1937 2571 plebs,
1956 2487 2098 2572 jam
2131 2486 2247 2550 diu
2279 2502 2522 2551 aversa

313 2590 405 2655 ab
432 2590 758 2656 Romanis
780 2602 852 2658 et
879 2593 1123 2658 infesta
1152 2591 1426 2663 senatui,
1446 2610 1596 2654 suo.
1687 2589 1926 2673 Itaque
1955 2582 2155 2672 le‘gati
2181 2589 2265 2653 ad
2299 2607 2519 2653 arces-

311 2692 599 2763 sendum
631 2695 1114 2773 Hannibalem,
1161 2715 1311 2760 cum
1358 2695 1536 2760 haud
1570 2694 1779 2759 dubio
1817 2694 2150 2777 promisso
2178 2692 2520 2758 tradendae

311 2797 528 2877 urbis,
553 2806 898 2865 venerunt.
966 2798 1311 2865 Praevenit
1337 2799 1675 2882 inceptum
1706 2816 1936 2862 eorum
1971 2795 2338 2861 Marcellus
2361 2816 2519 2861 con·

1029 374 1171 426 mn.
1219 378 1443 427 xxw.
1489 377 1658 427 cAi’.
1702 363 1809 429 13.

1309 2968 1524 3020 NOTAE

378 3075 404 3102 ¹¹
427 3067 624 3118 Tarenti
639 3066 882 3131 potiundi]
902 3067 1206 3124 Tarentum,
1230 3080 1259 3115 a
1283 3081 1384 3131 quo
1457 3065 1580 3116 dae.n

312 3145 460 3196 ninus
497 3144 829 3205 Tarentinus,
875 3144 1059 3205 Siculi,
1105 3158 1196 3193 seu
1253 3142 1385 3194 Ionii
1522 3150 1547 3176 ⁰
1579 3141 1662 3192 Aa
1684 3141 1864 3192 Miseni
1894 3139 2287 3204 promontorium]
2320 3140 2524 3191 Nomen

309 3224 470 3273 mario
508 3236 646 3285 pars,
683 3222 734 3270 iu
776 3221 922 3285 cujus
961 3221 1142 3271 intimo
1180 3235 1385 3270 recessu
1460 3221 1728 3283 accepisse
1772 3219 1999 3270 traditur
2036 3234 2066 3268 a
2102 3219 2305 3269 Miseno
2344 3219 2524 3270 AEneoe

312 3299 531 3350 condita
567 3297 668 3348 fuit
713 3300 794 3349 vel
840 3306 1001 3363 capta
1041 3313 1073 3348 a
1114 3298 1392 3363 Phalanto,
1461 3296 1688 3346 tubicine
1712 3296 1783 3345 ibi
1808 3297 2040 3360 sepulto:
2065 3309 2355 3360 quanquam
2377 3296 2525 3347 Stru-

313 3377 527 3426 exulum
543 3376 804 3426 Laconum
820 3374 1273 3424 Partheniatarum
1290 3374 1382 3424 du·
1457 3373 1526 3423 bo
1548 3373 1795 3422 Baiarum
1819 3380 1871 3422 et
1896 3372 2084 3422 Miseni
2119 3373 2323 3421 nomina
2355 3371 2421 3421 ab
2445 3387 2527 3423 so-

313 3467 400 3515 ce,
424 3452 477 3500 in
500 3451 774 3502 Calabriaz
816 3458 924 3499 tum
954 3449 1307 3513 magnitudine
1329 3458 1386 3501 et

317 3530 482 3582 muris
501 3537 757 3595 portuque
775 3528 983 3590 nobilis,
1002 3537 1109 3579 tum
1134 3528 1386 3578 mirabilis

320 3608 426 3656 situ
446 3605 673 3671 (quippe
705 3606 757 3655 in
793 3604 918 3668 ipsis
942 3604 1196 3655 Adriatici
1231 3605 1387 3654 maris

310 3682 551 3733 faucibus
566 3682 751 3747 positu,
762 3690 819 3730 ut
830 3682 903 3731 ait
918 3682 1097 3733 Florus
1112 3684 1145 3733 l.
1163 3696 1200 3733 ¹.
1218 3697 1264 3732 c.
1286 3682 1389 3744 18.)

319 3761 478 3812 hodie
517 3761 747 3822 Tarento,
781 3760 1278 3824 Arcbiepiscopatus
1328 3769 1385 3810 et

313 3838 654 3904 Principatus
674 3839 827 3889 titulo
844 3838 1030 3888 nobilis
1050 3837 1187 3900 urbs,
1205 3837 1256 3886 in
1279 3837 1389 3902 Hy·

315 3916 565 3967 druntina
587 3916 734 3980 regni
757 3913 1091 3978 Neapolitani
1106 3913 1389 3977 provincia.

314 3993 567 4043 Ceterum
618 3991 840 4057 potiundi
880 3990 1113 4052 verbum,
1157 3991 1392 4055 quumvis

313 4073 624 4137 plerumque
662 4086 778 4120 cum
812 4067 1084 4119 auferendi
1118 4084 1241 4118 casu
1267 4069 1389 4133 jun.

321 4157 499 4213 gutur,
566 4161 740 4198 tamen
812 4145 1087 4208 aliquando
1161 4146 1393 4209 genitivo

317 4226 575 4291 gaudere,
596 4226 717 4275 binc
741 4232 797 4274 et
818 4238 881 4273 ex
916 4222 1148 4286 proxime
1174 4237 1389 4287 sequen·

311 4305 460 4358 tibus
502 4309 671 4366 patet,
711 4302 800 4351 ubi
844 4300 1146 4351 ‘libertatis
1184 4301 1390 4366 potiun-

447 4385 628 4450 Daph.
651 4390 700 4435 et
730 4384 846 4435 Ver.
874 4384 1004 4433 Clas.

1342 4382 1526 4435 Livius.

1457 3449 1551 3497 ciis
1566 3449 1762 3513 Ulyssis
1784 3448 2007 3504 derivat,
2029 3447 2116 3512 qui
2138 3448 2213 3496 bis
2235 3447 2527 3496 nominibus

1458 3523 1605 3575 dicti.
1674 3525 1841 3574 Situm
1868 3524 2028 3573 habet
2059 3523 2194 3572 ultra
2216 3523 2424 3585 Cumas,
2458 3537 2527 3572 ex

1458 3600 1682 3651 adverso
1718 3601 1962 3658 AEnnriae,
1998 3615 2091 3650 seu
2133 3600 2410 3662 Prochytae
2452 3601 2529 3649 iu·

1457 3669 1599 3729 sulae.
1684 3678 1858 3727 Hodie
1901 3692 2102 3744 quoque
2146 3684 2360 3727 vocatur
2397 3677 2530 3740 Cupo

1458 3757 1662 3805 Miseno.
1697 3756 1940 3806 Vicinum
1963 3757 2117 3807 babet
2143 3764 2369 3821 portum,
2387 3772 2529 3809 enm·

1460 3849 1561 3901 que
1598 3835 1865 3900 pulchrum
1904 3842 1958 3884 et
1993 3833 2333 3897 profundum:
2369 3843 2529 3900 atque

1460 3914 1513 3964 in
1543 3928 1606 3963 eo
1637 3912 1901 3977 Augustus
1922 3914 2136 3963 classem
2161 3913 2436 3965 collocavit
2460 3914 2527 3965 ad

1461 3993 1681 4041 tutelam
1723 3988 1886 4040 Inferi
1925 3991 2097 4040 maris.
2145 3990 2337 4042 Incolae
2376 3992 2528 4042 Porto

1463 4068 1632 4119 Giulio
1654 4069 1941 4132 appellant,
1964 4066 2115 4130 falso,
2140 4077 2196 4118 ut
2217 4070 2293 4118 ait
2316 4070 2527 4120 Cluver.

1459 4161 1578 4196 curn
1593 4145 1628 4197 J
1635 4145 1765 4194 nlius
1784 4154 1962 4208 portus
1985 4144 2143 4194 fuerit
2162 4146 2225 4194 ad
2249 4147 2526 4195 Lucrinum

1462 4222 1830 4285 Avernumque
1853 4224 2014 4272 lacus.
2082 4222 2229 4272 Circa
2254 4223 2364 4271 liaec
2390 4223 2528 4272 litto·

1464 4314 1523 4349 ra
1543 4298 1690 4352 fuere
1711 4300 1973 4353 Cimmerii
1996 4299 2282 4357 Homerici.

2281 4383 2394 4433 60
