3025 4892
386 336 563 403 1470

413 794 564 845 Diod.
582 794 689 849 Ecl.

392 860 427 909 l.
451 876 591 910 xxxx.

430 2835 557 2884 Plut.
595 2836 647 2885 in

396 2901 596 2966 Pyrrho,
654 2919 699 2954 c.

398 2970 486 3016 ⁴9.

402 3519 604 3567 Diodor-

401 3815 529 3866 Plut.

1332 351 1403 398 T.
1451 351 1644 399 Livii

794 501 855 556 9.
898 493 1171 576 Pyrrhus
1204 495 1383 564 enim,
1421 495 1518 569 (ut
1542 495 1719 573 hujus
1753 494 1931 552 etiam
1963 501 2134 553 extra
2165 489 2406 551 Italiam
2428 500 2614 569 gesta,

716 592 876 673 quod
910 612 1110 652 eorum
1149 593 1507 673 temporibus
1541 591 1826 671 locisque,
1869 590 1947 650 ad
1988 591 2116 650 haec
2159 588 2404 667 negotiis
2453 589 2614 668 ipsis,

715 709 848 751 cum
892 689 1185 749 Romanis
1218 690 1390 749 rebus
1424 690 1802 768 conjunctum
1837 696 1945 758 est,
1980 688 2398 767 exponantur,)
2445 686 2618 744 rebus

716 785 875 867 apud
923 785 1323 867 Syracusanos
1364 786 1793 866 Leontinosque
1828 785 2177 855 constitutis,
2216 784 2376 843 circa
2407 782 2615 842 eadem

715 893 982 966 tempora
998 904 1132 945 cum
1157 884 1415 944 exercitu
1438 883 1831 963 Agrigentum
1853 881 2165 962 profecturi,
2192 882 2251 941 in
2273 881 2398 962 ipso
2423 879 2618 940 adhuc

718 982 921 1041 itinere
940 982 1377 1042 occurrentibus
1416 982 1652 1051 nuntiis,
1697 982 1950 1059 ejectum
1986 999 2062 1039 ex
2107 979 2248 1038 urbe
2284 977 2615 1058 praesidium

718 1078 1018 1139 Punicum
1039 1088 1370 1159 acceperat,
1391 1087 1454 1139 et
1472 1077 1900 1157 Agrigentinos
1933 1077 2041 1158 ipsi
2068 1098 2130 1136 se
2155 1096 2380 1156 suaque
2418 1074 2618 1135 omnia

715 1175 929 1236 dedere
955 1184 1190 1256 paratos
1213 1196 1358 1236 esse.
1443 1175 1665 1255 Neque
1692 1173 1983 1256 promissis
2018 1173 2207 1234 abfuit
2235 1171 2403 1233 fides.
2486 1170 2616 1232 Ve-

718 1273 895 1334 nienti
917 1272 1285 1344 Sosistratus,
1307 1273 1410 1353 qui
1436 1281 1498 1333 et
1520 1272 1844 1353 Syracusas
1860 1270 2204 1343 tradiderat,
2225 1280 2286 1330 et
2305 1270 2530 1341 urbem,
2557 1278 2621 1329 et

713 1370 962 1449 egregiae
973 1371 1304 1449 juventutis
1343 1380 1478 1430 octo
1504 1368 1768 1451 peditum
1807 1369 2019 1441 millia,
2054 1368 2422 1447 octingentos
2451 1366 2617 1446 equi-

714 1475 803 1527 tes
848 1467 1136 1546 adjungit,
1184 1466 1384 1548 copias
1456 1466 1791 1548 Epiroticis,
1863 1487 2013 1547 quas
2052 1466 2324 1546 Pyrrhus
2386 1463 2619 1523 addux-

716 1572 865 1635 erat,
893 1563 1075 1624 nihilo
1099 1563 1431 1624 deteriores.
1519 1564 1762 1645 Oppida
1796 1574 2079 1646 praeterea
2119 1563 2379 1642 triginta,
2405 1560 2622 1640 quibus

718 1661 1046 1742 imperabat
1095 1658 1463 1732 Sosistratus,
1517 1661 1724 1721 eodem
1777 1672 2014 1722 auctore
2066 1682 2128 1721 se
2181 1660 2334 1739 regis
2377 1657 2618 1718 arbitrio

718 1758 1119 1838 permiserunt.
1205 1757 1330 1818 I-Iis
1364 1758 1448 1818 ita
1484 1759 1660 1837 gestis
1685 1759 1841 1818 misit
1876 1758 2221 1840 Syracusas,
2241 1756 2344 1837 qui
2369 1754 2619 1815 telorum

717 1856 908 1916 omnis
931 1856 1158 1934 generis
1176 1855 1433 1937 copiam,
1451 1865 1512 1915 et
1533 1855 1854 1926 machinas,
1878 1875 2124 1941 quarum
2142 1856 2201 1915 in
2221 1852 2621 1914 obsidionibus

718 1953 951 2012 urbium
977 1973 1116 2013 usus
1134 1973 1258 2015 esse
1280 1962 1495 2033 posset,
1518 1954 1923 2014 subveherent.
2010 1953 2178 2013 Nam
2197 1950 2274 2012 ad
2296 1952 2468 2010 urbes
2486 1949 2621 2009 Pu-

718 2049 833 2109 nici
844 2050 997 2128 juris
1021 2048 1446 2131 oppugnandas
1470 2051 1729 2110 animum
1764 2049 2087 2129 adjecerat,
2130 2059 2338 2132 parato
2353 2050 2485 2127 jam
2510 2067 2619 2107 ex-

717 2146 899 2206 ercitu
920 2147 1159 2225 triginta
1178 2145 1447 2218 millium,
1481 2155 1694 2227 praeter
1718 2147 1946 2227 equites
1963 2146 2124 2208 mille
2143 2147 2510 2229 quingentos,
2537 2154 2624 2215 et,

719 2263 868 2323 quos
885 2243 944 2304 in
973 2242 1240 2305 Siciliam
1266 2247 1604 2324 trajecerat,
1625 2243 1988 2326 elephantos.

802 2347 899 2400 10.
943 2340 1156 2400 Prima
1196 2360 1274 2401 ex
1316 2341 1407 2401 his
1442 2342 1502 2400 in
1544 2350 1893 2423 potestatem
1949 2341 2107 2401 venit
2152 2339 2479 2411 Heraclea,
2522 2339 2624 2398 ubi

722 2436 1291 2516 Carthaginiensium
1311 2438 1646 2520 praesidium
1667 2438 1893 2499 fuerat:
1918 2439 2134 2499 exhinc
2154 2437 2402 2498 Azonas
2424 2436 2584 2517 cepit
2605 2457 2624 2497 ι

719 2534 1031 2615 statimque
1068 2535 1253 2595 secuti
1288 2534 1586 2596 fortunam
1623 2534 1937 2596 Selinuntii
1990 2536 2264 2616 primum,
2299 2554 2440 2596 mox
2485 2533 2625 2593 Ha·

720 2628 913 2713 licyaei
933 2641 996 2692 et
1019 2632 1346 2711 AEgoetani,
1373 2632 1704 2705 deficiendo
1729 2653 1767 2692 a
1809 2632 2385 2713 Carthaginiensium
2420 2632 2628 2692 amici·

720 2729 828 2800 tia,
873 2729 1271 2811 compluribus
1305 2732 1482 2791 etiam
1509 2730 1642 2790 aliis
1681 2731 1740 2790 in
1769 2751 1840 2790 eo
1865 2739 2055 2790 tractu
2082 2730 2314 2810 oppidis
2336 2729 2491 2789 idem
2518 2749 2626 2788 au·

722 2823 903 2886 dendi
922 2827 1259 2907 exemplum
1279 2827 1670 2908 praebuerunt.
1741 2828 2030 2909 Erycinos
2047 2837 2267 2898 autem,
2293 2836 2353 2887 et
2373 2826 2626 2887 auxilio·

725 2942 852 2984 rum
880 2942 1187 2983 numerosa
1211 2943 1412 2994 manu,
1434 2933 1497 2984 et
1517 2924 1934 2985 munitionibus
1959 2925 2075 2985 loci
2094 2923 2361 2997 fidentes,
2399 2944 2628 2984 summa

727 3020 788 3079 vi
813 3039 1150 3100 expugnare
1177 3021 1400 3080 statuit.
1486 3020 1786 3082 Instructo
1827 3023 2003 3101 igitur
2042 3023 2330 3093 exercitu,
2371 3030 2630 3081 armatus

729 3117 875 3198 ipse,
902 3115 981 3175 ad
1006 3118 1219 3177 moenia
1237 3117 1580 3198 procedens,
1606 3129 1809 3181 votum
1833 3119 2089 3179 Herculi
2109 3120 2293 3191 vovit,
2317 3120 2368 3179 si
2385 3118 2626 3198 dignum

729 3233 939 3293 genere
963 3233 1070 3274 suo
1090 3212 1336 3296 locoque
1364 3216 1712 3277 bellatorem
1731 3237 1806 3277 eo
1825 3215 1922 3276 die
1941 3238 2003 3277 se
2022 3217 2251 3278 Graecis
2263 3215 2628 3277 ostendisset.

728 3310 1061 3391 Postquam
1088 3312 1317 3392 signum
1340 3314 1718 3395 oppugnandi
1737 3314 1965 3386 datum,
1982 3317 2302 3396 crebroque
2328 3314 2630 3376 missilium

716 3408 887 3485 jactu
914 3420 1374 3519 propugnatores
1397 3411 1606 3473 dimoti
1633 3412 1828 3473 locum
1864 3412 2243 3474 admovendis
2268 3432 2433 3473 muro
2455 3411 2631 3472 scalis

727 3502 1025 3575 fecerunt;
1048 3507 1269 3586 primus
1288 3509 1548 3573 omnium
1565 3530 1671 3570 rex
1687 3511 1901 3582 enisus,
1928 3508 2205 3572 adversus
2222 3518 2632 3571 concurrentes

729 3599 985 3681 undique
1010 3602 1244 3663 hostes'
1229 3604 1451 3685 insigne
1476 3615 1772 3667 certamen
1807 3606 2014 3677 edidit,
2042 3607 2189 3668 alios
2228 3607 2480 3667 umbone
2521 3605 2628 3666 de-

730 3698 990 3770 turbans,
1036 3699 1184 3761 alios
1226 3701 1459 3764 coedeus
1522 3703 1744 3783 gladio,
1789 3704 2188 3784 magnitudine
2249 3725 2388 3764 vero
2449 3703 2628 3764 animi

728 3796 1063 3877 roborisque
1081 3808 1325 3859 cunctos
1343 3800 1836 3881 perterrefaciens.
1920 3801 2142 3883 Neque
2158 3799 2474 3882 magnifica
2496 3810 2630 3862 tan·

729 3902 853 3952 tum
874 3893 1000 3953 haec
1025 3894 1081 3953 ei
1108 3915 1325 3975 pugna,
1352 3895 1455 3956 sed
1481 3897 1659 3958 etiam
1686 3899 1844 3959 omni
1869 3919 1945 3960 ex
1965 3909 2129 3980 parte
2147 3898 2289 3959 felix
2311 3898 2462 3959 fuit:
2503 3898 2630 3959 sine

729 3987 853 4047 ullo
878 4009 984 4048 suo
1010 3990 1271 4062 vulnere,
1294 4013 1506 4073 magna
1543 3994 1731 4074 gloria
1758 4005 1947 4078 parta,
1983 3996 2162 4056 etiam
2197 3996 2400 4055 urbem
2443 3996 2628 4076 ipsam

729 4083 937 4145 eodem
974 4087 1194 4168 impetu
1233 4092 1427 4171 cepit:
1473 4092 1746 4153 animatis
1783 4114 1897 4154 non
1942 4093 2131 4153 minus
2170 4092 2446 4175 exemplo
2480 4093 2632 4172 regis

730 4182 957 4253 ceteris,
1000 4204 1178 4265 quam
1220 4187 1461 4250 solicitis
1498 4189 1780 4271 periculo,
1817 4199 1878 4251 et
1919 4199 2226 4271 utramque
2268 4192 2348 4251 ob
2390 4209 2630 4253 causam

731 4298 957 4340 summa
1017 4285 1386 4345 contentione
1454 4289 1866 4369 pugnantibus.
1977 4286 2350 4351 sacrificavit
2413 4286 2628 4350 deinde
