3025 4892
576 532 755 603 sunt,
787 522 908 609 qui
931 520 1144 590 biduo
1173 521 1295 588 vix
1319 519 1559 588 locum
1585 525 1724 586 rate
1750 517 2103 604 jungendo
2136 515 2396 585 flumini
2425 514 2745 588 inventum

576 627 882 709 tradunt3
925 647 1010 692 ea
1052 646 1204 692 cum
1251 623 1542 708 Magone
1594 624 1852 709 equites
1896 621 2356 707 Hispanorum
2401 622 2745 707 expeditos

575 730 983 816 praemissos.
1070 730 1251 795 Dum
1296 725 1672 806 Hannibal,
1725 726 1908 792 circa
1927 733 1976 773 ¹³
2027 724 2274 792 flumen
2328 725 2749 810 legationibus

576 832 931 899 Gallorum
977 829 1323 897 audiendis
1361 834 1681 908 moratus,
1713 827 1964 913 trajicit
2001 829 2271 913 gravius
2313 827 2612 912 peditum
2652 847 2748 912 ag·

573 955 749 1013 men,
799 935 1061 1001 interim
1114 932 1322 1016 Mago
1371 932 1769 1016 equitesque
1816 932 2234 997 ab'transitu
2281 929 2583 996 fluminis
2622 930 2751 996 diei

575 1037 778 1102 unius
814 1035 1053 1102 itinere
1082 1033 1499 1100 Placentiam
1532 1033 1618 1098 ad
1651 1031 1883 1098 hostes
1913 1034 2343 1100 contendunt.
2432 1031 2755 1100 Hannibal

576 1138 818 1225 paucis
850 1144 1010 1224 post
1037 1137 1272 1204 diebus
1302 1156 1427 1202 sex
1461 1136 1675 1202 millia
1701 1156 1745 1202 a
1774 1136 2128 1203 Placentia
2154 1143 2379 1202 castra
2406 1138 2755 1208 communi-

575 1243 695 1321 vit,
719 1248 789 1309 et
817 1249 1095 1327 postero
1139 1240 1274 1318 die,
1305 1239 1376 1303 in
1421 1241 1800 1323 conspectu
1836 1238 2121 1305 hostium
2159 1240 2302 1307 acie
2342 1238 2625 1317 directa,
2650 1259 2757 1323 po·

575 1352 892 1414 testatem
922 1364 1165 1430 pugnae
1192 1344 1374 1410 fecit.

659 1448 771 1516 48.
820 1447 1212 1532 Insequenti
1238 1452 1434 1513 nocte
1464 1445 1695 1512 caedes
1714 1447 1797 1511 in
1826 1445 2067 1512 castris
2104 1445 2454 1526 Romanis,
2485 1447 2761 1515 tumultu

453 1553 464 1561 ’
574 1556 798 1618 tamen
825 1570 1026 1636 quam
1052 1568 1122 1616 re
1154 1548 1386 1634 major,
1413 1549 1501 1614 ab
1531 1548 1980 1614 auxiliaribus
2011 1548 2232 1616 Gallis
2257 1547 2444 1615 facta
2468 1557 2597 1617 est.
2664 1550 2764 1616 Ad

574 1653 707 1720 duo
737 1653 950 1719 millia
993 1651 1290 1737 peditum
1337 1659 1408 1718 et
1454 1650 1729 1718 ducenti
1760 1653 2053 1736 equites,
2087 1651 2401 1736 vigilibus
2430 1653 2519 1718 ad
2547 1660 2766 1739 portas

575 1756 955 1833 trucidatis,
986 1753 1076 1821 ad
1107 1753 1575 1821 Hannibalem
1605 1754 2091 1839 transfugiunt:
2140 1773 2315 1839 quos
2350 1755 2614 1822 Poenus
2660 1758 2767 1822 be-

573 1859 770 1943 nigne
816 1858 1178 1936 allocutus,
1216 1862 1302 1925 et,
1328 1877 1456 1943 spe
1503 1858 1877 1941 ingentium
1937 1857 2263 1923 donorum
2310 1878 2659 1938 accensos,
2704 1861 2769 1925 in

573 1961 888 2027 civitates
916 1979 1252 2045 quemque
1281 1979 1463 2038 suas,
1488 1960 1577 2025 ad
1599 1959 2040 2026 solicitandos
2061 1960 2488 2045 popularium
2515 1962 2771 2028 animos

572 2062 851 2127 dimisit.
938 2061 1198 2144 Scipio,
1228 2059 1487 2128 caedem
1538 2080 1688 2126 eam
1731 2063 1988 2145 signum
2037 2061 2436 2128 defectionis
2481 2064 2771 2130 omnium
2978 2049 2981 2154 J

573 2164 922 2230 Gallorum
951 2183 1099 2229 esse
1127 2169 1340 2243 ratus,
1370 2168 1860 2248 contactosque
1892 2182 1976 2228 eo
2007 2164 2286 2243 scelere,
2318 2165 2499 2230 velut
2524 2165 2773 2252 injecta
2978 2159 2979 2172 ¹

572 2267 781 2343 rabie,
810 2267 899 2333 ad
926 2284 1112 2332 arma
1140 2268 1376 2347 ituros,
1399 2285 1788 2352 quanquam
1807 2267 2029 2349 gravis
2060 2266 2282 2332 adbuc
2308 2267 2587 2332 vulnere
2615 2273 2773 2346 erat,

574 2377 798 2435 tamen
829 2374 1062 2455 quarta
1089 2368 1325 2452 vigilia
1368 2368 1600 2435 noctis
1631 2369 2052 2453 insequentis
2083 2370 2296 2435 tacito
2328 2371 2593 2452 agmine
2624 2390 2773 2456 pro-

570 2470 791 2538 fectus
823 2471 910 2537 ad
939 2467 1292 2537 Trebiam¹
1322 2471 1621 2550 fluvium,
1663 2472 1733 2536 in
1762 2471 1919 2537 loca
1948 2471 2194 2537 altiora
2218 2473 2539 2555 lucosque
2559 2480 2616 2523 ¹4
2656 2475 2775 2537 im·

571 2574 934 2659 peditiores
964 2574 1174 2659 equiti
1206 2579 1428 2640 castra
1457 2580 1712 2641 movet.
1803 2572 2062 2654 Minus,
2081 2593 2286 2660 quam
2313 2574 2403 2639 ad
2430 2574 2770 2653 Ticinum,

565 2677 806 2744 fefellit
825 2701 840 2740 ε
859 2678 887 2716 ⁸
957 2678 1319 2762 missisque
1377 2677 1727 2744 Hannibal
1783 2678 2067 2761 primum
2128 2676 2467 2751 Numidis,
2532 2677 2772 2743 deinde

573 2781 751 2847 omni
809 2781 1136 2865 equitatu,
1202 2782 1536 2847 turbasset
1595 2780 1830 2866 utique
1886 2780 2331 2846 novissimum
2390 2800 2651 2863 agmen,
2704 2780 2771 2845 ni
2978 2805 2981 2896 A

573 2883 896 2949 aviditate
926 2882 1174 2966 praedae
1205 2885 1275 2948 in
1323 2901 1546 2949 vacua
1593 2881 1909 2948 Romana
1939 2886 2166 2947 castra
2198 2879 2519 2947 Numidae
2549 2881 2769 2949 dever-

570 2985 882 3049 tissent.¹⁵
974 2984 1082 3049 Ibi
1131 2985 1311 3063 dum,
1355 2988 1854 3070 perscrutantes
1904 2985 2063 3050 loca
2104 2983 2330 3050 omnia
2387 2990 2768 3061 castrorum,

570 3085 754 3151 nullo
784 3086 951 3149 satis
969 3085 1170 3169 digno
1191 3104 1399 3153 morae
1426 3087 1645 3171 pretio
1675 3093 1943 3173 tempus
1968 3091 2209 3165 terunt,
2236 3087 2532 3152 emissus
2558 3086 2767 3154 hostis

572 3187 657 3254 de
686 3187 998 3254 manibus
1024 3194 1168 3254 est:
1215 3197 1287 3254 et
1315 3210 1472 3256 cum
1508 3189 1659 3275 jam
1694 3197 2153 3273 transgressos
2179 3188 2497 3258 Trebiam
2526 3188 2767 3255 Roma-

570 3309 692 3356 nos
720 3297 1178 3378 metantesque
1220 3297 1444 3359 castra
1486 3293 2031 3378 conspexissent,
2063 3311 2327 3376 paucos
2371 3299 2763 3358 moratorum

573 301 776 428 1738·
1476 371 1546 421 ‘r-
1596 369 1790 419 mvn
2970 7 2985 810 ⁴

2972 1235 2983 1638 i

2972 1657 2983 1774 ³

569 3452 832 3571 ”tenc
898 3458 911 3471 ‘
955 3450 2760 3522 mmmmmflmtbakm,qumdmodnmoeunnstbo

1768 3603 1857 3625 ΝΟ

572 3714 832 3764 ἤθη-18
870 3716 1012 3770 Citra
1030 3718 1273 3783 Mogont.
1297 3718 1454 3769 Frob.
1475 3717 1719 3770 Francof.
1745 3718 1900 3770 Grut-
1922 3718 2152 3768 Gronov.
2172 3716 2410 3768 Crevier.
2431 3715 2511 3766 all.

636 3783 701 3828 14
733 3779 823 3831 lta
852 3781 905 3831 in
937 3783 1042 3832 Ms.
1066 3783 1207 3833 ond.
1234 3782 1285 3832 in
1322 3784 1533 3861 reliquis
1565 3786 1801 3849 lacuque,
1824 3790 1879 3833 et
1909 3783 1960 3832 in
1987 3785 2247 3861 pleri-sque
2273 3782 2411 3832 Edd.
2440 3780 2656 3839 conen-e,
2677 3783 2749 3821 ²¹

571 3844 774 3896 emend.
796 3846 979 3899 vnum.
1041 3847 1305 3899 strothius
1331 3863 1472 3914 conj.
1505 3850 1891 3915 nunqua-15
1927 3849 2249 3900 Divermoent
2286 3847 2421 3897 Edd.
2441 3855 2598 3897 omne·
2624 3845 2750 3888 ΜΘ

1560 3996 1784 4050 801·AE

657 4104 759 4154 *Aa
794 4104 1034 4170 fflbiam]
1068 4107 1279 4159 Fluvios
1304 4109 1495 4161 Trebia
1533 4126 1625 4163 no·
1707 4110 1848 4162 Huic
1869 4109 1994 4160 nibil
2015 4121 2287 4159 commune
2303 4121 2419 4158 cnm
2434 4101 2601 4156 Trebia
2616 4095 2745 4146 U·-

569 4193 686 4230 men
719 4180 887 4231 adbuc
927 4183 1141 4248 retinet,
1164 4186 1382 4249 vulgo'la
1408 4186 1627 4245 flechia,
1704 4186 1835 4238 bria
1887 4185 2082 4252 oppido
2125 4185 2193 4238 ad
2238 4184 2550 4238 Clitumnum.
2589 4174 2742 4236 '⁰¹8⁰

569 4254 635 4305 nd
668 4255 993 4310 Placentiam
1030 4260 1083 4311 in
1115 4260 1318 4313 Padum
1347 4261 1630 4318 confluens·
1711 4262 1871 4316 nevi.
