<?xml version="1.0" encoding="UTF-8"?>
<!DOCTYPE html PUBLIC "-//W3C//DTD XHTML 1.0 Transitional//EN"
    "http://www.w3.org/TR/xhtml1/DTD/xhtml1-transitional.dtd">
<html xmlns="http://www.w3.org/1999/xhtml" xml:lang="en" lang="en">
 <head>
  <title>
</title>
<meta http-equiv="Content-Type" content="text/html;charset=utf-8" />
  <meta name='ocr-system' content='tesseract 3.04.00' />
  <meta name='ocr-capabilities' content='ocr_page ocr_carea ocr_par ocr_line ocrx_word'/>
</head>
<body>
  <div class='ocr_page' id='page_1' title='image "./tliviipatavinih04unkngoog_0135.png"; bbox 0 0 3025 4892; ppageno 0'>
   <div class='ocr_carea' id='block_1_1' title="bbox 863 379 2535 446">
    <p class='ocr_par' dir='ltr' id='par_1_1' title="bbox 863 379 2535 446">
     <span class='ocr_line' id='line_1_1' title="bbox 863 379 2535 446; baseline 0.004 -6"><span class='ocrx_word' id='word_1_1' title='bbox 863 392 1068 442; x_wconf 77' lang='lat' dir='ltr'><strong>mani</strong></span> <span class='ocrx_word' id='word_1_2' title='bbox 1120 392 1285 441; x_wconf 86' lang='lat' dir='ltr'>xv1.</span> <span class='ocrx_word' id='word_1_3' title='bbox 1331 391 1981 445; x_wconf 61' lang='lat' dir='ltr'><strong>surranum-uu.</strong></span> <span class='ocrx_word' id='word_1_4' title='bbox 2358 379 2535 446; x_wconf 81' lang='lat'>1515</span> 
     </span>
    </p>
   </div>
   <div class='ocr_carea' id='block_1_2' title="bbox 267 532 2539 1875">
    <p class='ocr_par' dir='ltr' id='par_1_2' title="bbox 296 532 2539 1875">
     <span class='ocr_line' id='line_1_2' title="bbox 302 532 2223 618; baseline 0.002 -21"><span class='ocrx_word' id='word_1_5' title='bbox 302 537 507 598; x_wconf 81' lang='lat' dir='ltr'><strong>raturi.</strong></span> <span class='ocrx_word' id='word_1_6' title='bbox 623 532 853 595; x_wconf 87' lang='lat' dir='ltr'><strong>Hanno</strong></span> <span class='ocrx_word' id='word_1_7' title='bbox 903 536 1058 597; x_wconf 90' lang='lat' dir='ltr'><strong>enim</strong></span> <span class='ocrx_word' id='word_1_8' title='bbox 1108 537 1533 618; x_wconf 77' lang='lat' dir='ltr'><strong>oppidanorum</strong></span> <span class='ocrx_word' id='word_1_9' title='bbox 1583 538 1948 601; x_wconf 73' lang='lat' dir='ltr'><strong>discordibus</strong></span> <span class='ocrx_word' id='word_1_10' title='bbox 1997 538 2223 601; x_wconf 86' lang='lat' dir='ltr'><strong>animis·</strong></span> 
     </span>
     <span class='ocr_line' id='line_1_3' title="bbox 306 630 2206 718; baseline 0.003 -26"><span class='ocrx_word' id='word_1_11' title='bbox 306 652 517 715; x_wconf 77' lang='lat' dir='ltr'><strong>parum</strong></span> <span class='ocrx_word' id='word_1_12' title='bbox 541 630 815 702; x_wconf 83' lang='lat' dir='ltr'><strong>confisus,</strong></span> <span class='ocrx_word' id='word_1_13' title='bbox 854 652 1049 694; x_wconf 84' lang='lat' dir='ltr'><strong>arcem</strong></span> <span class='ocrx_word' id='word_1_14' title='bbox 1073 653 1209 694; x_wconf 86' lang='lat' dir='ltr'><strong>cum</strong></span> <span class='ocrx_word' id='word_1_15' title='bbox 1233 634 1354 695; x_wconf 87' lang='lat' dir='ltr'><strong>suis</strong></span> <span class='ocrx_word' id='word_1_16' title='bbox 1377 645 1806 716; x_wconf 83' lang='lat' dir='ltr'><strong>occupaverat:</strong></span> <span class='ocrx_word' id='word_1_17' title='bbox 1848 656 2037 718; x_wconf 87' lang='lat' dir='ltr'><strong>neque</strong></span> <span class='ocrx_word' id='word_1_18' title='bbox 2064 655 2206 697; x_wconf 87' lang='lat' dir='ltr'><strong>con·</strong></span> 
     </span>
     <span class='ocr_line' id='line_1_4' title="bbox 303 729 2208 805; baseline 0.001 -13"><span class='ocrx_word' id='word_1_19' title='bbox 303 731 464 792; x_wconf 79' lang='lat' dir='ltr'><strong>oioni</strong></span> <span class='ocrx_word' id='word_1_20' title='bbox 505 729 991 790; x_wconf 76' lang='lat' dir='ltr'>Mamertinorum</span> <span class='ocrx_word' id='word_1_21' title='bbox 1030 751 1092 791; x_wconf 85' lang='lat' dir='ltr'><strong>se</strong></span> <span class='ocrx_word' id='word_1_22' title='bbox 1141 731 1400 793; x_wconf 86' lang='lat' dir='ltr'><strong>audebat</strong></span> <span class='ocrx_word' id='word_1_23' title='bbox 1423 731 1695 793; x_wconf 87' lang='lat' dir='ltr'><strong>credere:</strong></span> <span class='ocrx_word' id='word_1_24' title='bbox 1739 742 1934 794; x_wconf 86' lang='lat' dir='ltr'><strong>tamen</strong></span> <span class='ocrx_word' id='word_1_25' title='bbox 1972 735 2208 805; x_wconf 81' lang='lat' dir='ltr'><strong>veritus,</strong></span> 
     </span>
     <span class='ocr_line' id='line_1_5' title="bbox 307 826 2212 907; baseline 0.002 -19"><span class='ocrx_word' id='word_1_26' title='bbox 307 847 381 888; x_wconf 89' lang='lat' dir='ltr'><strong>ne</strong></span> <span class='ocrx_word' id='word_1_27' title='bbox 405 827 521 887; x_wconf 84' lang='lat' dir='ltr'><strong>hcc</strong></span> <span class='ocrx_word' id='word_1_28' title='bbox 545 827 734 907; x_wconf 89' lang='lat' dir='ltr'><strong>ipsum</strong></span> <span class='ocrx_word' id='word_1_29' title='bbox 761 826 1028 907; x_wconf 79' lang='lat' dir='ltr'><strong>querelas</strong></span> <span class='ocrx_word' id='word_1_30' title='bbox 1051 848 1252 888; x_wconf 89' lang='lat' dir='ltr'><strong>eorum</strong></span> <span class='ocrx_word' id='word_1_31' title='bbox 1278 828 1646 900; x_wconf 83' lang='lat' dir='ltr'><strong>accenderet,</strong></span> <span class='ocrx_word' id='word_1_32' title='bbox 1683 830 1733 890; x_wconf 90' lang='lat' dir='ltr'><strong>si</strong></span> <span class='ocrx_word' id='word_1_33' title='bbox 1758 828 2021 890; x_wconf 83' lang='lat' dir='ltr'><strong>diffidere</strong></span> <span class='ocrx_word' id='word_1_34' title='bbox 2046 829 2212 892; x_wconf 87' lang='lat' dir='ltr'><strong>vide·</strong></span> 
     </span>
     <span class='ocr_line' id='line_1_6' title="bbox 307 924 2210 1008; baseline 0.001 -23"><span class='ocrx_word' id='word_1_35' title='bbox 307 933 488 994; x_wconf 76' lang='lat' dir='ltr'><strong>retur,</strong></span> <span class='ocrx_word' id='word_1_36' title='bbox 528 932 591 983; x_wconf 87' lang='lat' dir='ltr'><strong>et</strong></span> <span class='ocrx_word' id='word_1_37' title='bbox 633 942 736 1003; x_wconf 87' lang='lat' dir='ltr'><strong>per</strong></span> <span class='ocrx_word' id='word_1_38' title='bbox 759 943 923 983; x_wconf 86' lang='lat' dir='ltr'><strong>suam</strong></span> <span class='ocrx_word' id='word_1_39' title='bbox 951 924 1274 985; x_wconf 75' lang='lat' dir='ltr'><strong>absentiam</strong></span> <span class='ocrx_word' id='word_1_40' title='bbox 1300 946 1362 986; x_wconf 89' lang='lat' dir='ltr'><strong>se</strong></span> <span class='ocrx_word' id='word_1_41' title='bbox 1391 924 1685 986; x_wconf 87' lang='lat' dir='ltr'><strong>Romanis</strong></span> <span class='ocrx_word' id='word_1_42' title='bbox 1709 928 1972 1008; x_wconf 86' lang='lat' dir='ltr'><strong>protinus</strong></span> <span class='ocrx_word' id='word_1_43' title='bbox 1995 925 2210 1005; x_wconf 85' lang='lat' dir='ltr'><strong>adjun-</strong></span> 
     </span>
     <span class='ocr_line' id='line_1_7' title="bbox 267 1019 2213 1130; baseline 0.001 -49.02"><span class='ocrx_word' id='word_1_44' title='bbox 267 1029 533 1130; x_wconf 76' lang='lat' dir='ltr'><strong>gerent,</strong></span> <span class='ocrx_word' id='word_1_45' title='bbox 588 1020 650 1079; x_wconf 90' lang='lat' dir='ltr'><strong>in</strong></span> <span class='ocrx_word' id='word_1_46' title='bbox 694 1019 1053 1100; x_wconf 81' lang='lat' dir='ltr'><strong>colloquium</strong></span> <span class='ocrx_word' id='word_1_47' title='bbox 1096 1022 1295 1082; x_wconf 76' lang='lat' dir='ltr'><strong>venit·</strong></span> <span class='ocrx_word' id='word_1_48' title='bbox 1338 1042 1458 1104; x_wconf 92' lang='lat' dir='ltr'><strong>quo</strong></span> <span class='ocrx_word' id='word_1_49' title='bbox 1501 1043 1607 1103; x_wconf 89' lang='lat' dir='ltr'><strong>per</strong></span> <span class='ocrx_word' id='word_1_50' title='bbox 1655 1022 2111 1104; x_wconf 68' lang='lat' dir='ltr'><strong>disceptationes</strong></span> <span class='ocrx_word' id='word_1_51' title='bbox 2148 1031 2213 1083; x_wconf 88' lang='lat' dir='ltr'><strong>et</strong></span> 
     </span>
     <span class='ocr_line' id='line_1_8' title="bbox 296 1116 2211 1227; baseline 0.001 -49"><span class='ocrx_word' id='word_1_52' title='bbox 296 1117 504 1227; x_wconf 73' lang='lat' dir='ltr'><strong>jurgia</strong></span> <span class='ocrx_word' id='word_1_53' title='bbox 526 1116 630 1176; x_wconf 86' lang='lat' dir='ltr'><strong>diu</strong></span> <span class='ocrx_word' id='word_1_54' title='bbox 657 1125 947 1188; x_wconf 83' lang='lat' dir='ltr'><strong>extracto,</strong></span> <span class='ocrx_word' id='word_1_55' title='bbox 979 1116 1058 1179; x_wconf 87' lang='lat' dir='ltr'><strong>ad</strong></span> <span class='ocrx_word' id='word_1_56' title='bbox 1083 1118 1355 1180; x_wconf 85' lang='lat' dir='ltr'><strong>ultimum</strong></span> <span class='ocrx_word' id='word_1_57' title='bbox 1380 1120 1616 1199; x_wconf 61' lang='lat' dir='ltr'><strong>injectat</strong></span> <span class='ocrx_word' id='word_1_58' title='bbox 1644 1139 1681 1179; x_wconf 92' lang='lat' dir='ltr'><strong>a</strong></span> <span class='ocrx_word' id='word_1_59' title='bbox 1707 1118 2000 1180; x_wconf 84' lang='lat' dir='ltr'><strong>Romanis</strong></span> <span class='ocrx_word' id='word_1_60' title='bbox 2030 1119 2211 1180; x_wconf 88' lang='lat' dir='ltr'><strong>Han-</strong></span> 
     </span>
     <span class='ocr_line' id='line_1_9' title="bbox 309 1213 2215 1295; baseline 0.001 -22"><span class='ocrx_word' id='word_1_61' title='bbox 309 1214 446 1274; x_wconf 87' lang='lat' dir='ltr'><strong>noni</strong></span> <span class='ocrx_word' id='word_1_62' title='bbox 473 1233 681 1274; x_wconf 86' lang='lat' dir='ltr'><strong>manus</strong></span> <span class='ocrx_word' id='word_1_63' title='bbox 705 1222 868 1285; x_wconf 84' lang='lat' dir='ltr'><strong>sunt,</strong></span> <span class='ocrx_word' id='word_1_64' title='bbox 910 1215 1074 1295; x_wconf 87' lang='lat' dir='ltr'><strong>isque</strong></span> <span class='ocrx_word' id='word_1_65' title='bbox 1106 1215 1165 1276; x_wconf 90' lang='lat' dir='ltr'><strong>in</strong></span> <span class='ocrx_word' id='word_1_66' title='bbox 1190 1235 1482 1276; x_wconf 86' lang='lat' dir='ltr'><strong>carcerem</strong></span> <span class='ocrx_word' id='word_1_67' title='bbox 1508 1213 1801 1286; x_wconf 86' lang='lat' dir='ltr'><strong>conditus,</strong></span> <span class='ocrx_word' id='word_1_68' title='bbox 1843 1214 2215 1275; x_wconf 75' lang='lat' dir='ltr'><strong>Mamertinis</strong></span> 
     </span>
     <span class='ocr_line' id='line_1_10' title="bbox 309 1309 2537 1408; baseline 0 -37"><span class='ocrx_word' id='word_1_69' title='bbox 309 1309 533 1371; x_wconf 81' lang='lat' dir='ltr'><strong>factum</strong></span> <span class='ocrx_word' id='word_1_70' title='bbox 562 1310 1100 1392; x_wconf 74' lang='lat' dir='ltr'><strong>comprobantibus.</strong></span> <span class='ocrx_word' id='word_1_71' title='bbox 1186 1312 1287 1372; x_wconf 90' lang='lat' dir='ltr'><strong>Ita</strong></span> <span class='ocrx_word' id='word_1_72' title='bbox 1313 1313 1526 1393; x_wconf 85' lang='lat' dir='ltr'><strong>partim</strong></span> <span class='ocrx_word' id='word_1_73' title='bbox 1556 1311 1719 1384; x_wconf 84' lang='lat' dir='ltr'><strong>dolo,</strong></span> <span class='ocrx_word' id='word_1_74' title='bbox 1759 1313 1972 1393; x_wconf 84' lang='lat' dir='ltr'><strong>partim</strong></span> <span class='ocrx_word' id='word_1_75' title='bbox 1998 1320 2211 1372; x_wconf 87' lang='lat' dir='ltr'><strong>terrore</strong></span> <span class='ocrx_word' id='word_1_76' title='bbox 2269 1341 2446 1408; x_wconf 72' lang='lat' dir='ltr'><strong>Polyb.</strong></span> <span class='ocrx_word' id='word_1_77' title='bbox 2498 1357 2537 1392; x_wconf 44' lang='grc' dir='ltr'><strong><em>Β</em></strong></span> 
     </span>
     <span class='ocr_line' id='line_1_11' title="bbox 312 1407 2320 1480; baseline -0 -12"><span class='ocrx_word' id='word_1_78' title='bbox 312 1407 762 1477; x_wconf 80' lang='lat' dir='ltr'><strong>circumventus,</strong></span> <span class='ocrx_word' id='word_1_79' title='bbox 788 1426 923 1467; x_wconf 91' lang='lat' dir='ltr'><strong>cum</strong></span> <span class='ocrx_word' id='word_1_80' title='bbox 949 1407 1071 1469; x_wconf 77' lang='lat' dir='ltr'><strong>alia</strong></span> <span class='ocrx_word' id='word_1_81' title='bbox 1094 1408 1354 1470; x_wconf 87' lang='lat' dir='ltr'><strong>conditio</strong></span> <span class='ocrx_word' id='word_1_82' title='bbox 1379 1408 1547 1469; x_wconf 89' lang='lat' dir='ltr'><strong>nulla</strong></span> <span class='ocrx_word' id='word_1_83' title='bbox 1570 1417 1745 1480; x_wconf 87' lang='lat' dir='ltr'><strong>esset,</strong></span> <span class='ocrx_word' id='word_1_84' title='bbox 1784 1428 1918 1471; x_wconf 86' lang='lat' dir='ltr'><strong>aree</strong></span> <span class='ocrx_word' id='word_1_85' title='bbox 1954 1408 2215 1468; x_wconf 90' lang='lat' dir='ltr'><strong>Mamer·</strong></span> <span class='ocrx_word' id='word_1_86' title='bbox 2239 1411 2320 1459; x_wconf 90' lang='lat' dir='ltr'><strong>u.</strong></span> 
     </span>
     <span class='ocr_line' id='line_1_12' title="bbox 311 1502 1809 1585; baseline 0.002 -22"><span class='ocrx_word' id='word_1_87' title='bbox 311 1503 446 1564; x_wconf 86' lang='lat' dir='ltr'><strong>tinis</strong></span> <span class='ocrx_word' id='word_1_88' title='bbox 471 1502 726 1574; x_wconf 84' lang='lat' dir='ltr'><strong>reddita,</strong></span> <span class='ocrx_word' id='word_1_89' title='bbox 763 1503 1097 1585; x_wconf 77' lang='lat' dir='ltr'><strong>praesidium</strong></span> <span class='ocrx_word' id='word_1_90' title='bbox 1119 1505 1411 1566; x_wconf 79' lang='lat' dir='ltr'><strong>deducere</strong></span> <span class='ocrx_word' id='word_1_91' title='bbox 1435 1514 1679 1566; x_wconf 85' lang='lat' dir='ltr'><strong>coactus</strong></span> <span class='ocrx_word' id='word_1_92' title='bbox 1702 1514 1809 1565; x_wconf 87' lang='lat' dir='ltr'><strong>est.</strong></span> 
     </span>
     <span class='ocr_line' id='line_1_13' title="bbox 390 1599 2213 1683; baseline -0.001 -21"><span class='ocrx_word' id='word_1_93' title='bbox 390 1606 493 1662; x_wconf 72' lang='lat'><strong>28.</strong></span> <span class='ocrx_word' id='word_1_94' title='bbox 540 1599 718 1660; x_wconf 74' lang='lat' dir='ltr'><strong>Poeni</strong></span> <span class='ocrx_word' id='word_1_95' title='bbox 750 1620 812 1660; x_wconf 90' lang='lat' dir='ltr'><strong>re</strong></span> <span class='ocrx_word' id='word_1_96' title='bbox 836 1611 1142 1682; x_wconf 85' lang='lat' dir='ltr'><strong>comperta</strong></span> <span class='ocrx_word' id='word_1_97' title='bbox 1175 1622 1352 1683; x_wconf 89' lang='lat' dir='ltr'><strong>supra</strong></span> <span class='ocrx_word' id='word_1_98' title='bbox 1390 1602 1632 1663; x_wconf 90' lang='lat' dir='ltr'><strong>modum</strong></span> <span class='ocrx_word' id='word_1_99' title='bbox 1673 1601 2037 1671; x_wconf 81' lang='lat' dir='ltr'><strong>exacerbati,-</strong></span> <span class='ocrx_word' id='word_1_100' title='bbox 2076 1619 2213 1661; x_wconf 86' lang='lat' dir='ltr'><strong>cum</strong></span> 
     </span>
     <span class='ocr_line' id='line_1_14' title="bbox 314 1696 2523 1780; baseline -0.001 -21"><span class='ocrx_word' id='word_1_101' title='bbox 314 1697 536 1779; x_wconf 82' lang='lat' dir='ltr'><strong>alioqui</strong></span> <span class='ocrx_word' id='word_1_102' title='bbox 563 1696 745 1759; x_wconf 86' lang='lat' dir='ltr'><strong>duces</strong></span> <span class='ocrx_word' id='word_1_103' title='bbox 766 1719 902 1760; x_wconf 84' lang='lat' dir='ltr'><strong>suos</strong></span> <span class='ocrx_word' id='word_1_104' title='bbox 932 1700 1013 1760; x_wconf 92' lang='lat' dir='ltr'><strong>ob</strong></span> <span class='ocrx_word' id='word_1_105' title='bbox 1050 1698 1212 1760; x_wconf 83' lang='lat' dir='ltr'><strong>mala</strong></span> <span class='ocrx_word' id='word_1_106' title='bbox 1246 1700 1496 1761; x_wconf 85' lang='lat' dir='ltr'><strong>consilia</strong></span> <span class='ocrx_word' id='word_1_107' title='bbox 1526 1699 1902 1780; x_wconf 80' lang='lat' dir='ltr'><strong>quantumvis</strong></span> <span class='ocrx_word' id='word_1_108' title='bbox 1937 1717 2213 1779; x_wconf 86' lang='lat' dir='ltr'><strong>prospero</strong></span> <span class='ocrx_word' id='word_1_109' title='bbox 2269 1723 2382 1774; x_wconf 70' lang='lat' dir='ltr'><strong>val</strong></span> <span class='ocrx_word' id='word_1_110' title='bbox 2406 1722 2523 1771; x_wconf 62' lang='lat' dir='ltr'><strong>Mn</strong></span> 
     </span>
     <span class='ocr_line' id='line_1_15' title="bbox 314 1792 2539 1875; baseline -0.001 -20"><span class='ocrx_word' id='word_1_111' title='bbox 314 1804 524 1856; x_wconf 79' lang='lat' dir='ltr'><strong>eventu</strong></span> <span class='ocrx_word' id='word_1_112' title='bbox 562 1794 768 1875; x_wconf 87' lang='lat' dir='ltr'><strong>punire</strong></span> <span class='ocrx_word' id='word_1_113' title='bbox 793 1795 1067 1868; x_wconf 80' lang='lat' dir='ltr'><strong>solerent,</strong></span> <span class='ocrx_word' id='word_1_114' title='bbox 1109 1797 1281 1857; x_wconf 87' lang='lat' dir='ltr'><strong>simul</strong></span> <span class='ocrx_word' id='word_1_115' title='bbox 1307 1795 1619 1858; x_wconf 74' lang='lat' dir='ltr'><strong>stultitiam</strong></span> <span class='ocrx_word' id='word_1_116' title='bbox 1659 1794 1997 1866; x_wconf 73' lang='lat' dir='ltr'><strong>Baunonia,</strong></span> <span class='ocrx_word' id='word_1_117' title='bbox 2039 1793 2279 1854; x_wconf 86' lang='lat' dir='ltr'><strong>simul¹¹</strong></span> <span class='ocrx_word' id='word_1_118' title='bbox 2261 1792 2368 1837; x_wconf 93' lang='grc'><strong>1··7</strong></span> <span class='ocrx_word' id='word_1_119' title='bbox 2387 1793 2432 1838; x_wconf 85' lang='lat'><strong>¹·</strong></span> <span class='ocrx_word' id='word_1_120' title='bbox 2444 1794 2539 1837; x_wconf 97' lang='grc'><strong>111·</strong></span> 
     </span>
    </p>
   </div>
   <div class='ocr_carea' id='block_1_3' title="bbox 312 1853 2410 1971">
    <p class='ocr_par' dir='ltr' id='par_1_3' title="bbox 312 1853 2410 1971">
     <span class='ocr_line' id='line_1_16' title="bbox 312 1853 2410 1971; baseline -0 -19"><span class='ocrx_word' id='word_1_121' title='bbox 312 1891 609 1971; x_wconf 80' lang='lat' dir='ltr'><strong>ignaviam</strong></span> <span class='ocrx_word' id='word_1_122' title='bbox 633 1901 1000 1964; x_wconf 82' lang='lat' dir='ltr'><strong>accusantes,</strong></span> <span class='ocrx_word' id='word_1_123' title='bbox 1041 1894 1103 1954; x_wconf 90' lang='lat' dir='ltr'><strong>in</strong></span> <span class='ocrx_word' id='word_1_124' title='bbox 1138 1913 1372 1955; x_wconf 86' lang='lat' dir='ltr'><strong>crucem</strong></span> <span class='ocrx_word' id='word_1_125' title='bbox 1407 1894 1680 1954; x_wconf 82' lang='lat' dir='ltr'><strong>miserum</strong></span> <span class='ocrx_word' id='word_1_126' title='bbox 1721 1891 2109 1953; x_wconf 82' lang='lat' dir='ltr'><strong>sustulerunt:</strong></span> <span class='ocrx_word' id='word_1_127' title='bbox 2151 1900 2216 1951; x_wconf 89' lang='lat' dir='ltr'><strong>et</strong></span> <span class='ocrx_word' id='word_1_128' title='bbox 2234 1853 2410 1919; x_wconf 66' lang='lat' dir='ltr'><strong>P⁰¹5b</strong></span> 
     </span>
    </p>
   </div>
   <div class='ocr_carea' id='block_1_4' title="bbox 311 1988 2558 4296">
    <p class='ocr_par' dir='ltr' id='par_1_4' title="bbox 311 1988 2538 2263">
     <span class='ocr_line' id='line_1_17' title="bbox 311 1988 2538 2072; baseline -0 -23"><span class='ocrx_word' id='word_1_129' title='bbox 311 1989 594 2049; x_wconf 80' lang='lat' dir='ltr'><strong>continuo</strong></span> <span class='ocrx_word' id='word_1_130' title='bbox 633 1988 873 2050; x_wconf 81' lang='lat' dir='ltr'><strong>navales</strong></span> <span class='ocrx_word' id='word_1_131' title='bbox 913 1999 1326 2071; x_wconf 86' lang='lat' dir='ltr'><strong>terrestresque</strong></span> <span class='ocrx_word' id='word_1_132' title='bbox 1367 1991 1570 2072; x_wconf 87' lang='lat' dir='ltr'><strong>copias</strong></span> <span class='ocrx_word' id='word_1_133' title='bbox 1611 1989 1952 2051; x_wconf 80' lang='lat' dir='ltr'><strong>Messanam</strong></span> <span class='ocrx_word' id='word_1_134' title='bbox 1978 2008 2215 2070; x_wconf 78' lang='lat' dir='ltr'><strong>pergere</strong></span> <span class='ocrx_word' id='word_1_135' title='bbox 2261 2015 2411 2068; x_wconf 72' lang='lat' dir='ltr'><strong>Diod</strong></span> <span class='ocrx_word' id='word_1_136' title='bbox 2432 2015 2538 2066; x_wconf 75' lang='lat' dir='ltr'><strong>Bel</strong></span> 
     </span>
     <span class='ocr_line' id='line_1_18' title="bbox 314 2084 2461 2168; baseline 0 -22"><span class='ocrx_word' id='word_1_137' title='bbox 314 2094 738 2167; x_wconf 65' lang='lat' dir='ltr'><strong>preceperunt,</strong></span> <span class='ocrx_word' id='word_1_138' title='bbox 768 2085 886 2147; x_wconf 84' lang='lat' dir='ltr'><strong>alio</strong></span> <span class='ocrx_word' id='word_1_139' title='bbox 910 2085 1233 2159; x_wconf 86' lang='lat' dir='ltr'><strong>Hannone,</strong></span> <span class='ocrx_word' id='word_1_140' title='bbox 1261 2089 1364 2168; x_wconf 88' lang='lat' dir='ltr'><strong>qui</strong></span> <span class='ocrx_word' id='word_1_141' title='bbox 1392 2084 1757 2148; x_wconf 80' lang='lat' dir='ltr'><strong>Hannibalis</strong></span> <span class='ocrx_word' id='word_1_142' title='bbox 1781 2094 1911 2147; x_wconf 87' lang='lat' dir='ltr'><strong>erat</strong></span> <span class='ocrx_word' id='word_1_143' title='bbox 1932 2084 2111 2156; x_wconf 82' lang='lat' dir='ltr'><strong>filius,</strong></span> <span class='ocrx_word' id='word_1_144' title='bbox 2137 2084 2216 2147; x_wconf 87' lang='lat' dir='ltr'><strong>ad</strong></span> <span class='ocrx_word' id='word_1_145' title='bbox 2239 2086 2275 2135; x_wconf 84' lang='lat' dir='ltr'><strong>l·</strong></span> <span class='ocrx_word' id='word_1_146' title='bbox 2298 2096 2461 2132; x_wconf 77' lang='grc'><strong>11111·</strong></span> 
     </span>
     <span class='ocr_line' id='line_1_19' title="bbox 313 2180 2217 2263; baseline 0.001 -21"><span class='ocrx_word' id='word_1_147' title='bbox 313 2202 402 2242; x_wconf 85' lang='lat' dir='ltr'><strong>res</strong></span> <span class='ocrx_word' id='word_1_148' title='bbox 429 2180 718 2261; x_wconf 84' lang='lat' dir='ltr'><strong>gerendas</strong></span> <span class='ocrx_word' id='word_1_149' title='bbox 743 2183 804 2243; x_wconf 92' lang='lat' dir='ltr'><strong>in</strong></span> <span class='ocrx_word' id='word_1_150' title='bbox 830 2181 1096 2243; x_wconf 75' lang='lat' dir='ltr'><strong>Siciliam</strong></span> <span class='ocrx_word' id='word_1_151' title='bbox 1121 2183 1315 2244; x_wconf 89' lang='lat' dir='ltr'><strong>misso.</strong></span> <span class='ocrx_word' id='word_1_152' title='bbox 1387 2182 1506 2244; x_wconf 91' lang='lat' dir='ltr'><strong>Ille</strong></span> <span class='ocrx_word' id='word_1_153' title='bbox 1531 2184 1756 2244; x_wconf 83' lang='lat' dir='ltr'><strong>coactis</strong></span> <span class='ocrx_word' id='word_1_154' title='bbox 1780 2182 1858 2243; x_wconf 86' lang='lat' dir='ltr'><strong>ad</strong></span> <span class='ocrx_word' id='word_1_155' title='bbox 1887 2181 2217 2263; x_wconf 81' lang='lat' dir='ltr'><strong>Lilybaeum</strong></span> 
     </span>
    </p>

    <p class='ocr_par' dir='ltr' id='par_1_5' title="bbox 311 2276 2216 2360">
     <span class='ocr_line' id='line_1_20' title="bbox 311 2276 2216 2360; baseline 0 -22"><span class='ocrx_word' id='word_1_156' title='bbox 311 2277 499 2359; x_wconf 83' lang='lat' dir='ltr'><strong>copiis</strong></span> <span class='ocrx_word' id='word_1_157' title='bbox 522 2276 890 2340; x_wconf 74' lang='lat' dir='ltr'><strong>Selinuntem</strong></span> <span class='ocrx_word' id='word_1_158' title='bbox 913 2299 1265 2360; x_wconf 85' lang='lat' dir='ltr'><strong>progressus,</strong></span> <span class='ocrx_word' id='word_1_159' title='bbox 1297 2281 1620 2359; x_wconf 79' lang='lat' dir='ltr'><strong>casu-isque</strong></span> <span class='ocrx_word' id='word_1_160' title='bbox 1647 2279 1729 2339; x_wconf 89' lang='lat' dir='ltr'><strong>ibi</strong></span> <span class='ocrx_word' id='word_1_161' title='bbox 1764 2280 1960 2349; x_wconf 75' lang='lat' dir='ltr'><strong>factis,</strong></span> <span class='ocrx_word' id='word_1_162' title='bbox 2008 2278 2216 2360; x_wconf 87' lang='lat' dir='ltr'><strong>pedes-</strong></span> 
     </span>
    </p>

    <p class='ocr_par' dir='ltr' id='par_1_6' title="bbox 311 2374 2220 2457">
     <span class='ocr_line' id='line_1_21' title="bbox 311 2374 2220 2457; baseline -0.001 -22"><span class='ocrx_word' id='word_1_163' title='bbox 311 2383 460 2435; x_wconf 85' lang='lat' dir='ltr'><strong>trem</strong></span> <span class='ocrx_word' id='word_1_164' title='bbox 501 2375 826 2436; x_wconf 72' lang='lat' dir='ltr'><strong>exercitum</strong></span> <span class='ocrx_word' id='word_1_165' title='bbox 872 2374 1143 2455; x_wconf 88' lang='lat' dir='ltr'><strong>reliquit·</strong></span> <span class='ocrx_word' id='word_1_166' title='bbox 1204 2378 1328 2457; x_wconf 90' lang='lat' dir='ltr'><strong>ipse</strong></span> <span class='ocrx_word' id='word_1_167' title='bbox 1371 2376 1657 2457; x_wconf 84' lang='lat' dir='ltr'><strong>processit</strong></span> <span class='ocrx_word' id='word_1_168' title='bbox 1699 2374 2117 2454; x_wconf 77' lang='lat' dir='ltr'><strong>Agrigentum,</strong></span> <span class='ocrx_word' id='word_1_169' title='bbox 2158 2383 2220 2434; x_wconf 90' lang='lat' dir='ltr'><strong>et</strong></span> 
     </span>
    </p>

    <p class='ocr_par' dir='ltr' id='par_1_7' title="bbox 312 2469 2219 2648">
     <span class='ocr_line' id='line_1_22' title="bbox 313 2469 2219 2554; baseline -0.002 -22"><span class='ocrx_word' id='word_1_170' title='bbox 313 2491 448 2532; x_wconf 83' lang='lat' dir='ltr'><strong>aree</strong></span> <span class='ocrx_word' id='word_1_171' title='bbox 474 2471 860 2542; x_wconf 87' lang='lat' dir='ltr'><strong>communita,</strong></span> <span class='ocrx_word' id='word_1_172' title='bbox 896 2471 1200 2554; x_wconf 79' lang='lat' dir='ltr'><strong>populum,</strong></span> <span class='ocrx_word' id='word_1_173' title='bbox 1227 2471 1811 2551; x_wconf 59' lang='lat' dir='ltr'><strong>Carthaginiensibus</strong></span> <span class='ocrx_word' id='word_1_174' title='bbox 1835 2470 2112 2539; x_wconf 86' lang='lat' dir='ltr'><strong>amicum,</strong></span> <span class='ocrx_word' id='word_1_175' title='bbox 2139 2469 2219 2529; x_wconf 89' lang='lat' dir='ltr'><strong>ad</strong></span> 
     </span>
     <span class='ocr_line' id='line_1_23' title="bbox 312 2563 2219 2648; baseline -0.003 -18"><span class='ocrx_word' id='word_1_176' title='bbox 312 2567 657 2630; x_wconf 78' lang='lat' dir='ltr'><strong>societatem</strong></span> <span class='ocrx_word' id='word_1_177' title='bbox 699 2587 993 2629; x_wconf 76' lang='lat' dir='ltr'><strong>armorum</strong></span> <span class='ocrx_word' id='word_1_178' title='bbox 1031 2578 1236 2630; x_wconf 86' lang='lat' dir='ltr'><strong>contra</strong></span> <span class='ocrx_word' id='word_1_179' title='bbox 1275 2567 1585 2630; x_wconf 78' lang='lat' dir='ltr'><strong>Romanos</strong></span> <span class='ocrx_word' id='word_1_180' title='bbox 1623 2566 1877 2648; x_wconf 84' lang='lat' dir='ltr'><strong>impulit.</strong></span> <span class='ocrx_word' id='word_1_181' title='bbox 1962 2563 2175 2628; x_wconf 83' lang='lat' dir='ltr'><strong>Hinc</strong></span> <span class='ocrx_word' id='word_1_182' title='bbox 2159 2585 2219 2625; x_wconf 87' lang='grc' dir='ltr'><strong>ιιι</strong></span> 
     </span>
    </p>

    <p class='ocr_par' dir='ltr' id='par_1_8' title="bbox 313 2662 2432 3036">
     <span class='ocr_line' id='line_1_24' title="bbox 313 2662 2222 2747; baseline -0.003 -21"><span class='ocrx_word' id='word_1_183' title='bbox 313 2674 512 2726; x_wconf 78' lang='lat' dir='ltr'><strong>casti-a</strong></span> <span class='ocrx_word' id='word_1_184' title='bbox 533 2684 828 2726; x_wconf 83' lang='lat' dir='ltr'><strong>reversum</strong></span> <span class='ocrx_word' id='word_1_185' title='bbox 856 2675 1191 2747; x_wconf 88' lang='lat' dir='ltr'><strong>repererunt</strong></span> <span class='ocrx_word' id='word_1_186' title='bbox 1215 2667 1293 2727; x_wconf 86' lang='lat' dir='ltr'><strong>ab</strong></span> <span class='ocrx_word' id='word_1_187' title='bbox 1322 2664 1591 2726; x_wconf 87' lang='lat' dir='ltr'><strong>Hierone</strong></span> <span class='ocrx_word' id='word_1_188' title='bbox 1617 2664 1821 2743; x_wconf 88' lang='lat' dir='ltr'><strong>legati,</strong></span> <span class='ocrx_word' id='word_1_189' title='bbox 1864 2662 1968 2743; x_wconf 86' lang='lat' dir='ltr'><strong>qui</strong></span> <span class='ocrx_word' id='word_1_190' title='bbox 2002 2670 2066 2721; x_wconf 90' lang='lat' dir='ltr'><strong>et</strong></span> <span class='ocrx_word' id='word_1_191' title='bbox 2096 2662 2222 2742; x_wconf 90' lang='lat' dir='ltr'><strong>ipse</strong></span> 
     </span>
     <span class='ocr_line' id='line_1_25' title="bbox 314 2757 2506 2859; baseline -0.002 -37"><span class='ocrx_word' id='word_1_192' title='bbox 314 2760 763 2823; x_wconf 73' lang='lat' dir='ltr'><strong>Romanorum</strong></span> <span class='ocrx_word' id='word_1_193' title='bbox 749 2780 806 2820; x_wconf 86' lang='grc' dir='ltr'><strong>ιιι</strong></span> <span class='ocrx_word' id='word_1_194' title='bbox 825 2760 1092 2822; x_wconf 88' lang='lat' dir='ltr'><strong>Siciliam</strong></span> <span class='ocrx_word' id='word_1_195' title='bbox 1109 2763 1366 2824; x_wconf 87' lang='lat' dir='ltr'><strong>transitu</strong></span> <span class='ocrx_word' id='word_1_196' title='bbox 1372 2761 1608 2821; x_wconf 85' lang='lat' dir='ltr'><strong>minime</strong></span> <span class='ocrx_word' id='word_1_197' title='bbox 1625 2758 1817 2830; x_wconf 61' lang='lat' dir='ltr'><strong>latus,</strong></span> <span class='ocrx_word' id='word_1_198' title='bbox 1835 2759 1947 2819; x_wconf 87' lang='lat' dir='ltr'><strong>boc</strong></span> <span class='ocrx_word' id='word_1_199' title='bbox 1964 2757 2221 2819; x_wconf 83' lang='lat' dir='ltr'><strong>maxime</strong></span> <span class='ocrx_word' id='word_1_200' title='bbox 2276 2792 2351 2843; x_wconf 85' lang='lat' dir='ltr'><strong>Po</strong></span> <span class='ocrx_word' id='word_1_201' title='bbox 2320 2792 2506 2859; x_wconf 74' lang='lat' dir='ltr'><strong>olybx</strong></span> 
     </span>
     <span class='ocr_line' id='line_1_26' title="bbox 313 2853 2328 2940; baseline -0.005 -22"><span class='ocrx_word' id='word_1_202' title='bbox 313 2867 710 2940; x_wconf 74' lang='lat' dir='ltr'><strong>opportunum</strong></span> <span class='ocrx_word' id='word_1_203' title='bbox 761 2868 990 2939; x_wconf 88' lang='lat' dir='ltr'><strong>tempus</strong></span> <span class='ocrx_word' id='word_1_204' title='bbox 1032 2858 1372 2937; x_wconf 84' lang='lat' dir='ltr'><strong>judicabat,</strong></span> <span class='ocrx_word' id='word_1_205' title='bbox 1425 2877 1545 2938; x_wconf 91' lang='lat' dir='ltr'><strong>quo</strong></span> <span class='ocrx_word' id='word_1_206' title='bbox 1594 2856 1925 2935; x_wconf 77' lang='lat' dir='ltr'><strong>conjunctis</strong></span> <span class='ocrx_word' id='word_1_207' title='bbox 1976 2853 2224 2915; x_wconf 84' lang='lat' dir='ltr'><strong>Punicis</strong></span> <span class='ocrx_word' id='word_1_208' title='bbox 2251 2862 2328 2910; x_wconf 90' lang='grc' dir='ltr'><strong>ιι.</strong></span> 
     </span>
     <span class='ocr_line' id='line_1_27' title="bbox 314 2952 2221 3036; baseline -0.004 -18"><span class='ocrx_word' id='word_1_209' title='bbox 314 2954 557 3024; x_wconf 72' lang='lat' dir='ltr'><strong>viribus,</strong></span> <span class='ocrx_word' id='word_1_210' title='bbox 596 2963 659 3014; x_wconf 90' lang='lat' dir='ltr'><strong>et</strong></span> <span class='ocrx_word' id='word_1_211' title='bbox 681 2954 792 3036; x_wconf 86' lang='lat' dir='ltr'><strong>ipsi</strong></span> <span class='ocrx_word' id='word_1_212' title='bbox 818 2963 882 3015; x_wconf 87' lang='lat' dir='ltr'><strong>et</strong></span> <span class='ocrx_word' id='word_1_213' title='bbox 907 2954 1245 3022; x_wconf 84' lang='lat' dir='ltr'><strong>Messanam</strong></span> <span class='ocrx_word' id='word_1_214' title='bbox 1272 2955 1603 3017; x_wconf 76' lang='lat' dir='ltr'><strong>obtinentes</strong></span> <span class='ocrx_word' id='word_1_215' title='bbox 1625 2953 1861 3013; x_wconf 83' lang='lat' dir='ltr'><strong>barbari</strong></span> <span class='ocrx_word' id='word_1_216' title='bbox 1888 2952 2120 3032; x_wconf 88' lang='lat' dir='ltr'><strong>penitus</strong></span> <span class='ocrx_word' id='word_1_217' title='bbox 2143 2969 2221 3012; x_wconf 83' lang='lat' dir='ltr'><strong>ex</strong></span> 
     </span>
    </p>

    <p class='ocr_par' dir='ltr' id='par_1_9' title="bbox 320 3050 1085 3113">
     <span class='ocr_line' id='line_1_28' title="bbox 320 3050 1085 3113; baseline 0.003 -3"><span class='ocrx_word' id='word_1_218' title='bbox 320 3051 514 3112; x_wconf 82' lang='lat' dir='ltr'><strong>insula</strong></span> <span class='ocrx_word' id='word_1_219' title='bbox 537 3050 1085 3113; x_wconf 79' lang='lat' dir='ltr'><strong>exterminarentur.</strong></span> 
     </span>
    </p>

    <p class='ocr_par' dir='ltr' id='par_1_10' title="bbox 318 3144 2558 4296">
     <span class='ocr_line' id='line_1_29' title="bbox 393 3144 2555 3229; baseline -0.004 -19"><span class='ocrx_word' id='word_1_220' title='bbox 393 3155 500 3210; x_wconf 70' lang='lat'><strong>20.</strong></span> <span class='ocrx_word' id='word_1_221' title='bbox 547 3146 765 3228; x_wconf 70' lang='lat' dir='ltr'><strong>Itaque</strong></span> <span class='ocrx_word' id='word_1_222' title='bbox 805 3147 1101 3229; x_wconf 83' lang='lat' dir='ltr'><strong>colloquio</strong></span> <span class='ocrx_word' id='word_1_223' title='bbox 1137 3168 1276 3209; x_wconf 84' lang='lat' dir='ltr'><strong>eum</strong></span> <span class='ocrx_word' id='word_1_224' title='bbox 1303 3147 1776 3228; x_wconf 75' lang='lat' dir='ltr'><strong>Carthaginiensi</strong></span> <span class='ocrx_word' id='word_1_225' title='bbox 1801 3145 1954 3207; x_wconf 88' lang='lat' dir='ltr'><strong>duce</strong></span> <span class='ocrx_word' id='word_1_226' title='bbox 1997 3144 2222 3216; x_wconf 84' lang='lat' dir='ltr'><strong>habito,</strong></span> <span class='ocrx_word' id='word_1_227' title='bbox 2271 3171 2337 3222; x_wconf 79' lang='lat' dir='ltr'><strong>D·</strong></span> <span class='ocrx_word' id='word_1_228' title='bbox 2328 3169 2422 3220; x_wconf 68' lang='lat' dir='ltr'><strong>nod</strong></span> <span class='ocrx_word' id='word_1_229' title='bbox 2440 3166 2555 3218; x_wconf 68' lang='lat' dir='ltr'><strong>Bel</strong></span> 
     </span>
     <span class='ocr_line' id='line_1_30' title="bbox 318 3238 2343 3326; baseline -0.003 -20"><span class='ocrx_word' id='word_1_230' title='bbox 318 3263 452 3306; x_wconf 72' lang='lat' dir='ltr'><strong>eum</strong></span> <span class='ocrx_word' id='word_1_231' title='bbox 479 3245 714 3325; x_wconf 73' lang='lat' dir='ltr'><strong>auique</strong></span> <span class='ocrx_word' id='word_1_232' title='bbox 744 3244 1039 3306; x_wconf 69' lang='lat' dir='ltr'><strong>Messanae</strong></span> <span class='ocrx_word' id='word_1_233' title='bbox 1082 3244 1444 3326; x_wconf 64' lang='lat' dir='ltr'><strong>occupandas</strong></span> <span class='ocrx_word' id='word_1_234' title='bbox 1482 3266 1591 3326; x_wconf 88' lang='lat' dir='ltr'><strong>spe</strong></span> <span class='ocrx_word' id='word_1_235' title='bbox 1631 3242 2006 3313; x_wconf 71' lang='lat' dir='ltr'><strong>excidment,</strong></span> <span class='ocrx_word' id='word_1_236' title='bbox 2049 3238 2343 3301; x_wconf 62' lang='lat' dir='ltr'><strong>fanuel-x</strong></span> 
     </span>
     <span class='ocr_line' id='line_1_31' title="bbox 320 3339 2228 3425; baseline -0.004 -20"><span class='ocrx_word' id='word_1_237' title='bbox 320 3343 602 3405; x_wconf 65' lang='lat' dir='ltr'><strong>adversus</strong></span> <span class='ocrx_word' id='word_1_238' title='bbox 639 3341 1005 3415; x_wconf 84' lang='lat' dir='ltr'><strong>Romanum,</strong></span> <span class='ocrx_word' id='word_1_239' title='bbox 1048 3352 1421 3425; x_wconf 83' lang='lat' dir='ltr'><strong>utrorumque</strong></span> <span class='ocrx_word' id='word_1_240' title='bbox 1464 3344 1593 3424; x_wconf 79' lang='lat' dir='ltr'><strong>pari</strong></span> <span class='ocrx_word' id='word_1_241' title='bbox 1635 3342 1854 3403; x_wconf 85' lang='lat' dir='ltr'><strong>damno</strong></span> <span class='ocrx_word' id='word_1_242' title='bbox 1892 3339 2228 3421; x_wconf 79' lang='lat' dir='ltr'><strong>superveni-</strong></span> 
     </span>
     <span class='ocr_line' id='line_1_32' title="bbox 319 3435 2229 3512; baseline -0.004 -11"><span class='ocrx_word' id='word_1_243' title='bbox 319 3450 542 3511; x_wconf 82' lang='lat' dir='ltr'><strong>entem,</strong></span> <span class='ocrx_word' id='word_1_244' title='bbox 570 3441 913 3501; x_wconf 80' lang='lat' dir='ltr'><strong>societatem</strong></span> <span class='ocrx_word' id='word_1_245' title='bbox 936 3440 1329 3512; x_wconf 84' lang='lat' dir='ltr'><strong>instituerunt,</strong></span> <span class='ocrx_word' id='word_1_246' title='bbox 1373 3449 1441 3500; x_wconf 86' lang='lat' dir='ltr'><strong>ut</strong></span> <span class='ocrx_word' id='word_1_247' title='bbox 1477 3441 1819 3500; x_wconf 80' lang='lat' dir='ltr'><strong>Messanam</strong></span> <span class='ocrx_word' id='word_1_248' title='bbox 1843 3435 2229 3497; x_wconf 74' lang='lat' dir='ltr'><strong>communiter</strong></span> 
     </span>
     <span class='ocr_line' id='line_1_33' title="bbox 321 3530 2227 3646; baseline -0.003 -49"><span class='ocrx_word' id='word_1_249' title='bbox 321 3536 682 3607; x_wconf 78' lang='lat' dir='ltr'><strong>obsiderent,</strong></span> <span class='ocrx_word' id='word_1_250' title='bbox 726 3557 917 3617; x_wconf 87' lang='lat' dir='ltr'><strong>neque</strong></span> <span class='ocrx_word' id='word_1_251' title='bbox 958 3556 1296 3646; x_wconf 81' lang='lat' dir='ltr'><strong>quenquam</strong></span> <span class='ocrx_word' id='word_1_252' title='bbox 1323 3538 1381 3596; x_wconf 90' lang='lat' dir='ltr'><strong>in</strong></span> <span class='ocrx_word' id='word_1_253' title='bbox 1410 3535 1639 3607; x_wconf 80' lang='lat' dir='ltr'><strong>Sicilia,</strong></span> <span class='ocrx_word' id='word_1_254' title='bbox 1682 3534 1793 3594; x_wconf 88' lang='lat' dir='ltr'><strong>nisi</strong></span> <span class='ocrx_word' id='word_1_255' title='bbox 1828 3540 1933 3593; x_wconf 89' lang='lat' dir='ltr'><strong>aut</strong></span> <span class='ocrx_word' id='word_1_256' title='bbox 1969 3530 2227 3613; x_wconf 66' lang='lat' dir='ltr'><strong>Syracu·</strong></span> 
     </span>
     <span class='ocr_line' id='line_1_34' title="bbox 321 3627 2421 3714; baseline -0.003 -20"><span class='ocrx_word' id='word_1_257' title='bbox 321 3634 471 3705; x_wconf 80' lang='lat' dir='ltr'><strong>sani,</strong></span> <span class='ocrx_word' id='word_1_258' title='bbox 502 3643 613 3693; x_wconf 84' lang='lat' dir='ltr'><strong>aut</strong></span> <span class='ocrx_word' id='word_1_259' title='bbox 638 3633 861 3698; x_wconf 84' lang='lat' dir='ltr'><strong>Punici</strong></span> <span class='ocrx_word' id='word_1_260' title='bbox 884 3633 1040 3712; x_wconf 85' lang='lat' dir='ltr'><strong>juris</strong></span> <span class='ocrx_word' id='word_1_261' title='bbox 1076 3653 1202 3694; x_wconf 68' lang='lat' dir='ltr'><strong>eme</strong></span> <span class='ocrx_word' id='word_1_262' title='bbox 1227 3640 1582 3714; x_wconf 76' lang='lat' dir='ltr'><strong>paterentur.</strong></span> <span class='ocrx_word' id='word_1_263' title='bbox 1667 3629 1769 3691; x_wconf 83' lang='lat' dir='ltr'><strong>Ita</strong></span> <span class='ocrx_word' id='word_1_264' title='bbox 1795 3627 2061 3690; x_wconf 70' lang='lat' dir='ltr'><strong>Poenus</strong></span> <span class='ocrx_word' id='word_1_265' title='bbox 2045 3645 2230 3710; x_wconf 78' lang='lat' dir='ltr'><strong>impe·</strong></span> <span class='ocrx_word' id='word_1_266' title='bbox 2254 3651 2421 3701; x_wconf 66' lang='lat' dir='ltr'><strong>m,</strong></span> 
     </span>
     <span class='ocr_line' id='line_1_35' title="bbox 325 3724 2233 3811; baseline -0.004 -20"><span class='ocrx_word' id='word_1_267' title='bbox 325 3739 501 3804; x_wconf 85' lang='lat' dir='ltr'><strong>rator,</strong></span> <span class='ocrx_word' id='word_1_268' title='bbox 529 3731 830 3811; x_wconf 80' lang='lat' dir='ltr'><strong>praemisso</strong></span> <span class='ocrx_word' id='word_1_269' title='bbox 853 3729 1268 3800; x_wconf 80' lang='lat' dir='ltr'><strong>caduceatore,</strong></span> <span class='ocrx_word' id='word_1_270' title='bbox 1292 3729 1396 3810; x_wconf 86' lang='lat' dir='ltr'><strong>qni</strong></span> <span class='ocrx_word' id='word_1_271' title='bbox 1422 3728 1754 3801; x_wconf 81' lang='lat' dir='ltr'><strong>Romanos,</strong></span> <span class='ocrx_word' id='word_1_272' title='bbox 1778 3728 1830 3787; x_wconf 88' lang='lat' dir='ltr'><strong>si</strong></span> <span class='ocrx_word' id='word_1_273' title='bbox 1856 3724 2233 3803; x_wconf 82' lang='lat' dir='ltr'><strong>Carthagini-</strong></span> 
     </span>
     <span class='ocr_line' id='line_1_36' title="bbox 325 3821 2234 3906; baseline -0.004 -19"><span class='ocrx_word' id='word_1_274' title='bbox 325 3828 548 3888; x_wconf 76' lang='lat' dir='ltr'><strong>ensium</strong></span> <span class='ocrx_word' id='word_1_275' title='bbox 576 3826 754 3890; x_wconf 84' lang='lat' dir='ltr'><strong>amici</strong></span> <span class='ocrx_word' id='word_1_276' title='bbox 788 3846 915 3887; x_wconf 83' lang='lat' dir='ltr'><strong>esse</strong></span> <span class='ocrx_word' id='word_1_277' title='bbox 936 3825 1183 3896; x_wconf 72' lang='lat' dir='ltr'><strong>vellent,</strong></span> <span class='ocrx_word' id='word_1_278' title='bbox 1225 3826 1550 3906; x_wconf 87' lang='lat' dir='ltr'><strong>relinquere</strong></span> <span class='ocrx_word' id='word_1_279' title='bbox 1578 3825 1940 3894; x_wconf 81' lang='lat' dir='ltr'><strong>Messanam,</strong></span> <span class='ocrx_word' id='word_1_280' title='bbox 1982 3831 2044 3882; x_wconf 91' lang='lat' dir='ltr'><strong>et</strong></span> <span class='ocrx_word' id='word_1_281' title='bbox 2081 3821 2234 3881; x_wconf 81' lang='lat' dir='ltr'><strong>intra</strong></span> 
     </span>
     <span class='ocr_line' id='line_1_37' title="bbox 330 3918 2236 4004; baseline -0.005 -18"><span class='ocrx_word' id='word_1_282' title='bbox 330 3926 719 4004; x_wconf 66' lang='lat' dir='ltr'><strong>pre-timum</strong></span> <span class='ocrx_word' id='word_1_283' title='bbox 757 3922 919 3984; x_wconf 90' lang='lat' dir='ltr'><strong>diem</strong></span> <span class='ocrx_word' id='word_1_284' title='bbox 963 3922 1255 3985; x_wconf 79' lang='lat' dir='ltr'><strong>excedere</strong></span> <span class='ocrx_word' id='word_1_285' title='bbox 1294 3920 1501 3983; x_wconf 85' lang='lat' dir='ltr'><strong>Sicilia</strong></span> <span class='ocrx_word' id='word_1_286' title='bbox 1530 3922 1791 4001; x_wconf 86' lang='lat' dir='ltr'><strong>juberet,</strong></span> <span class='ocrx_word' id='word_1_287' title='bbox 1839 3920 1975 3981; x_wconf 88' lang='lat' dir='ltr'><strong>totis</strong></span> <span class='ocrx_word' id='word_1_288' title='bbox 2014 3918 2236 3979; x_wconf 80' lang='lat' dir='ltr'><strong>viribus</strong></span> 
     </span>
     <span class='ocr_line' id='line_1_38' title="bbox 331 4016 2558 4090; baseline -0.003 -10"><span class='ocrx_word' id='word_1_289' title='bbox 331 4019 607 4086; x_wconf 70' lang='lat' dir='ltr'><strong>adversus</strong></span> <span class='ocrx_word' id='word_1_290' title='bbox 637 4019 1027 4084; x_wconf 65' lang='lat' dir='ltr'><strong>nnmerum</strong></span> <span class='ocrx_word' id='word_1_291' title='bbox 1052 4020 1254 4081; x_wconf 80' lang='lat' dir='ltr'><strong>movit.</strong></span> <span class='ocrx_word' id='word_1_292' title='bbox 1338 4017 1553 4080; x_wconf 69' lang='lat' dir='ltr'><strong>Nares</strong></span> <span class='ocrx_word' id='word_1_293' title='bbox 1590 4019 1753 4079; x_wconf 79' lang='lat' dir='ltr'><strong>circa</strong></span> <span class='ocrx_word' id='word_1_294' title='bbox 1784 4016 2075 4079; x_wconf 84' lang='lat' dir='ltr'><strong>Pelorum</strong></span> <span class='ocrx_word' id='word_1_295' title='bbox 2113 4023 2234 4074; x_wconf 88' lang='lat' dir='ltr'><strong>sta·</strong></span> <span class='ocrx_word' id='word_1_296' title='bbox 2292 4039 2442 4089; x_wconf 64' lang='lat' dir='ltr'><strong>mod</strong></span> <span class='ocrx_word' id='word_1_297' title='bbox 2454 4039 2558 4090; x_wconf 70' lang='lat'>1301.</span> 
     </span>
     <span class='ocr_line' id='line_1_39' title="bbox 334 4106 2351 4198; baseline -0.004 -20"><span class='ocrx_word' id='word_1_298' title='bbox 334 4116 548 4180; x_wconf 75' lang='lat' dir='ltr'><strong>tionem</strong></span> <span class='ocrx_word' id='word_1_299' title='bbox 575 4137 753 4197; x_wconf 87' lang='lat' dir='ltr'><strong>agere</strong></span> <span class='ocrx_word' id='word_1_300' title='bbox 770 4118 952 4196; x_wconf 77' lang='lat' dir='ltr'><strong>jussae</strong></span> <span class='ocrx_word' id='word_1_301' title='bbox 966 4115 1278 4198; x_wconf 50' lang='lat' dir='ltr'><strong>&amp;pedester</strong></span> <span class='ocrx_word' id='word_1_302' title='bbox 1296 4116 1591 4177; x_wconf 80' lang='lat' dir='ltr'><strong>exercitus</strong></span> <span class='ocrx_word' id='word_1_303' title='bbox 1610 4115 1688 4177; x_wconf 87' lang='lat' dir='ltr'><strong>ad</strong></span> <span class='ocrx_word' id='word_1_304' title='bbox 1706 4113 1970 4184; x_wconf 74' lang='lat' dir='ltr'><strong>cubilia,</strong></span> <span class='ocrx_word' id='word_1_305' title='bbox 2001 4112 2294 4189; x_wconf 72' lang='lat' dir='ltr'><strong>(Euma-</strong></span> <span class='ocrx_word' id='word_1_306' title='bbox 2259 4106 2351 4160; x_wconf 76' lang='lat'><strong>¹0¹</strong></span> 
     </span>
     <span class='ocr_line' id='line_1_40' title="bbox 340 4197 2236 4296; baseline -0.005 -20"><span class='ocrx_word' id='word_1_307' title='bbox 340 4211 533 4277; x_wconf 65' lang='lat' dir='ltr'><strong>Greci</strong></span> <span class='ocrx_word' id='word_1_308' title='bbox 553 4224 777 4278; x_wconf 78' lang='lat' dir='ltr'><strong>vocant</strong></span> <span class='ocrx_word' id='word_1_309' title='bbox 778 4218 827 4292; x_wconf 87' lang='lat'><strong>‚)</strong></span> <span class='ocrx_word' id='word_1_310' title='bbox 850 4213 1014 4277; x_wconf 83' lang='lat' dir='ltr'><strong>band</strong></span> <span class='ocrx_word' id='word_1_311' title='bbox 1037 4212 1239 4296; x_wconf 89' lang='lat' dir='ltr'><strong>procul</strong></span> <span class='ocrx_word' id='word_1_312' title='bbox 1264 4214 1407 4275; x_wconf 89' lang='lat' dir='ltr'><strong>urbe</strong></span> <span class='ocrx_word' id='word_1_313' title='bbox 1429 4213 1711 4275; x_wconf 84' lang='lat' dir='ltr'><strong>Messana</strong></span> <span class='ocrx_word' id='word_1_314' title='bbox 1735 4197 2000 4272; x_wconf 79' lang='lat' dir='ltr'><strong>dissitum</strong></span> <span class='ocrx_word' id='word_1_315' title='bbox 2020 4207 2236 4281; x_wconf 87' lang='lat' dir='ltr'><strong>locum,</strong></span> 
     </span>
    </p>
   </div>
   <div class='ocr_carea' id='block_1_5' title="bbox 2294 3317 2416 3352">
    <p class='ocr_par' dir='ltr' id='par_1_11' title="bbox 2294 3317 2416 3352">
     <span class='ocr_line' id='line_1_41' title="bbox 2294 3317 2416 3352; baseline 0.016 -2"><span class='ocrx_word' id='word_1_316' title='bbox 2294 3317 2416 3352; x_wconf 76' lang='lat'>11111</span> 
     </span>
    </p>
   </div>
  </div>
 </body>
</html>
