3025 4892
482 350 661 418 1434
1457 368 1528 423 τ.
1575 366 1769 422 mvn

812 521 979 584 multi
1006 519 1209 583 relicta
1235 523 1375 581 urbe
1412 524 1469 582 in
1498 542 1669 601 agros
1697 523 2093 600 emigrabant:
2136 520 2325 583 donec
2368 523 2428 583 id
2471 541 2707 604 quoque

810 621 1026 681 clausis
1049 620 1230 701 portis
1254 620 1503 700 appositi
1530 618 1803 680 custodes
1827 619 2260 701 prohibuerunt.

486 717 653 770 Zom-
891 725 993 778 25.
1034 717 1185 777 Tum
1226 737 1366 777 vero
1404 715 1711 776 Tarentini
1752 737 1814 776 se
1856 736 1961 796 pro
2001 718 2161 777 socio
2197 717 2492 778 dominum
2535 738 2704 779 aoce-

813 817 962 897 pisse
986 835 1114 875 sero
1139 813 1550 893 intelligentes,
1578 813 1737 895 quod
1776 833 1953 874 unum
1984 822 2273 895 poterant,
2302 836 2404 895 per
2437 815 2705 896 indigna-

808 915 1026 975 tionem
1067 922 1128 973 et
1166 922 1405 993 questus
1446 921 1660 972 sortem
1709 932 1875 972 suam
1918 912 2358 984 miserabantur,
2403 913 2707 994 aliquanto

810 1011 1071 1081 liberius,
1100 1009 1202 1069 ubi
1242 1029 1346 1089 per
1389 1009 1649 1089 aliquam
1694 1009 1965 1069 idoneam
2006 1030 2243 1069 causam
2274 1011 2704 1083 convenientes,

809 1118 1016 1190 praeter
1033 1107 1238 1167 solitos
1261 1106 1438 1166 animi
1463 1105 1731 1177 affectus,
1760 1105 1938 1166 etiam
1963 1107 2102 1167 vino
2127 1106 2519 1167 incaluissent.
2571 1107 2705 1169 Ne-

520 1212 633 1263 val.
653 1214 788 1263 Max.
809 1227 924 1287 que
950 1205 1193 1265 deerant
1215 1205 1317 1285 qui
1351 1203 1429 1264 ad
1467 1203 1770 1285 Pyrrhum
1800 1202 2112 1264 referrent:
2157 1205 2530 1285 arcessitique
2563 1225 2705 1265 non·

488 1290 539 1327 '⁰
561 1284 609 1329 ¹‘
632 1284 792 1331 ⁸⁹⁶⁸*
810 1302 957 1364 nulli
983 1302 1144 1384 quod
1168 1303 1315 1362 inter
1338 1302 1671 1363 convivium
1693 1322 1895 1382 parum
1923 1300 2242 1363 honorifice
2266 1301 2342 1362 de
2369 1322 2501 1381 rege
2526 1301 2707 1364 locuti

804 1421 932 1461 esse
960 1409 1351 1479 arguerentur.
1421 1397 1541 1458 Sed
1567 1399 1772 1458 horum
1796 1398 2033 1479 quidem
2059 1399 2377 1479 periculum
2401 1399 2706 1478 cujusdam

520 1496 655 1545 Plut.
683 1494 735 1543 in
811 1503 963 1559 inter
986 1518 1089 1558 eos
1110 1496 1361 1577 simplex
1387 1505 1448 1556 et
1478 1497 1776 1575 ingeniosa
1790 1495 2078 1557 confessio
2103 1496 2407 1557 discussit:
2439 1504 2457 1533 ⁴
2484 1496 2567 1556 Et
2580 1497 2708 1559 haec

777 1592 1109 1666 'diximus,'
1151 1595 1362 1674 inquit,
1392 1602 1410 1629 ‘
1433 1602 1495 1653 et
1536 1591 1709 1671 longe
1751 1595 2020 1672 graviora
2059 1592 2274 1654 dicturi
2318 1592 2552 1665 fuimus,
2598 1595 2706 1654 nisi

810 1694 1009 1754 vinum
1032 1690 1380 1751 defecisset!
1461 1690 1563 1750 Ibi
1591 1689 1885 1771 Pyrrhus,
1913 1699 1980 1750 ut
2020 1691 2123 1770 qui
2156 1691 2280 1750 vini
2307 1711 2484 1771 quam
2521 1691 2708 1752 homi-

808 1810 949 1852 num
972 1810 1104 1850 eam
1129 1788 1365 1869 culpam
1390 1788 1574 1848 videri
1600 1787 1827 1859 mallet,
1855 1787 2117 1847 arridens
2140 1787 2363 1848 dimisit
2383 1808 2505 1848 eos.
2588 1786 2707 1848 Ce-

486 1889 651 1938 Zontr·
808 1899 998 1948 terum
1049 1884 1271 1947 diffisus
1317 1886 1576 1947 civitatis
1625 1885 1881 1946 moribus
1925 1886 2268 1965 animisque,
2311 1893 2379 1944 ut
2417 1904 2708 1965 quemque

813 1985 1121 2067 plurimum
1161 1982 1320 2065 apud
1343 1983 1695 2044 Tarentinos
1724 1982 2073 2043 auctoritate
2097 1980 2461 2061 consilioque
2488 1980 2709 2062 pollere

516 2069 694 2118 sustin.
812 2082 1324 2151 animadverterat,
1350 2082 1543 2141 causis
1567 2081 1808 2161 repertis
1832 2079 2158 2150 structisve,
2188 2080 2264 2139 ad
2290 2077 2476 2138 filium
2494 2077 2708 2140 Ptole·

527 2151 558 2181 v
796 2198 1020 2239 ·maeum
1064 2182 1267 2258 (quem
1308 2178 1612 2238 discedens
1652 2178 1775 2257 ipse
1820 2196 1998 2255 regno
2039 2175 2381 2257 praefeoerat
2428 2194 2711 2237 annorum

481 2289 653 2338 Ζοιιαι.
810 2275 1147 2357 quindecim
1188 2275 1646 2354 adolescentem)
1687 2275 2041 2353 ablegabat:
2110 2273 2260 2334 alios
2301 2293 2405 2354 per
2448 2273 2712 2335 occultas

811 2373 1058 2433 insidias
1080 2372 1157 2432 de
1185 2372 1380 2433 medio
1410 2372 1698 2433 tollebat:
1740 2381 1910 2432 erant
1939 2391 2106 2451 quos,
2133 2371 2414 2430 affectata
2438 2370 2708 2447 humani-

810 2478 934 2529 tate
959 2470 1327 2551 complexus‚
1358 2471 1508 2530 inter
1542 2469 2020 2529 familiarissimos
2057 2468 2319 2537 haberet,
2346 2487 2466 2547 quo
2490 2467 2711 2548 populo

808 2567 1190 2647 suspectiores
1240 2566 1466 2627 fierent.
1553 2566 1629 2627 In
1682 2566 1775 2625 his
1814 2564 2193 2625 Aristarchus
2231 2571 2380 2635 erat,
2426 2564 2517 2626 vir
2560 2565 2710 2623 inter

810 2666 1089 2745 primates
1133 2684 1329 2724 amore
1372 2664 1589 2724 civium
1629 2673 1691 2722 et
1722 2662 2060 2741 eloquentia
2091 2660 2413 2722 excellens.
2498 2659 2709 2731 Hunc,

809 2762 952 2840 quia
979 2761 1351 2821 nihilominus
1385 2762 1445 2820 in
1472 2780 1690 2840 magna
1723 2759 1880 2841 apud
1912 2757 2343 2819 multitudinem
2371 2758 2563 2836 gratia
2582 2778 2711 2818 esse

808 2858 1109 2927 cernebat,
1156 2878 1259 2937 per
1299 2877 1538 2919 causam
1581 2858 1727 2917 certi
1769 2856 1990 2935 negotii
2036 2856 2313 2935 navigare
2357 2856 2417 2914 in
2460 2854 2709 2935 Epirum

798 2953 996 3031 jussit.
1082 2952 1482 3023 Aristarchus,
1510 2974 1645 3015 cum
1669 2952 1949 3033 refragari
1978 2953 2131 3032 regis
2162 2952 2428 3033 imperio,
2458 2971 2709 3032 praesen·

810 3048 886 3107 tis
926 3049 1119 3119 exitii,
1165 3048 1429 3121 obedire,
1472 3070 1590 3110 non
1634 3049 1873 3130 quidem
1901 3070 2068 3129 aeque
2108 3049 2351 3120 velociS,
2380 3047 2485 3108 sed
2511 3057 2709 3108 tamen

810 3164 977 3224 aeque
1020 3146 1165 3204 certi
1209 3145 1524 3218 videretur,
1552 3167 1871 3208 conscensa
1912 3148 2049 3207 navi
2095 3146 2335 3228 paulum
2379 3154 2708 3227 provectus,

810 3240 981 3302 flexit
1019 3261 1250 3302 cursum
1291 3242 1369 3304 ad
1410 3244 1614 3304 urbem
1659 3242 2020 3313 Romanam,
2047 3251 2110 3303 et
2150 3251 2420 3323 receptus
2445 3242 2506 3301 in
2530 3240 2709 3301 fidem

808 3338 886 3400 de
905 3340 1079 3400 rebus
1103 3340 1301 3400 multis
1324 3342 1664 3421 magnisque
1689 3349 1952 3401 senatum
1977 3340 2217 3419 largiter
2239 3339 2494 3400 edocuit.

890 3443 990 3497 26.
1038 3436 1201 3497 Dum
1226 3437 1354 3498 haec
1378 3436 1623 3497 Tarenti
1655 3436 1928 3517 Pyrrhus
1953 3437 2340 3506 administrat,
2368 3435 2566 3495 nihilo
2580 3456 2708 3515 seg-

810 3534 939 3592 nius
962 3532 1040 3592 ad
1065 3532 1288 3593 bellum
1313 3533 1811 3615 gerendum-apud
1839 3533 2146 3595 Romanos
2168 3533 2432 3594 delectus
2449 3533 2709 3611 ageban-

516 3645 616 3694 Dio
657 3643 789 3707 apud
811 3638 927 3699 tur,
963 3631 1319 3708 cogebantur
1351 3633 1636 3711 pecuniae,
1664 3633 1839 3692 misso
1869 3631 1947 3692 ad
1973 3633 2164 3693 socias
2186 3631 2457 3692 civitates
2483 3629 2560 3691 C.
2591 3630 2708 3691 Fa-

485 3710 630 3759 F⁰¹'·
648 3710 755 3758 ⁰¹⁸·
810 3725 1018 3798 bricio,
1045 3727 1149 3805 qui
1190 3727 1541 3787 auctoritate
1581 3729 1886 3809 gratiaque
1930 3749 2040 3789 sua
2076 3727 2396 3788 deterreret
2422 3748 2460 3786 a
2498 3727 2712 3788 studiis

484 3837 653 3889 zonam
810 3842 999 3882 rerum
1039 3842 1355 3883 novarum:
1415 3823 1680 3903 quidam,
1717 3845 1963 3905 quorum
2001 3834 2272 3907 suspecta
2312 3824 2523 3884 levitas
2559 3833 2707 3895 erat,

810 3920 987 3978 etiam
1016 3919 1300 4000 praesidiis
1326 3922 1384 3980 in
1414 3931 1743 4001 opportuna
1769 3922 1904 3983 loca
1928 3922 2235 4003 impositis,
2264 3922 2322 3981 in
2348 3919 2468 3979 fide
2495 3921 2708 3981 retine·-

810 4017 1042 4076 bantur.
1128 4016 1433 4097 Quicquid
1473 4020 1631 4079 enim
1672 4019 1863 4079 ubivis
1902 4021 2132 4098 injuriae
2174 4026 2434 4098 acceptae
2469 4036 2708 4097 persua-

483 4116 601 4167 Dio.
811 4113 972 4172 sione
1018 4133 1256 4191 aegrum,
1304 4124 1407 4174 aut
1446 4114 1771 4196 cupiditate
1817 4114 2074 4177 novandi
2116 4113 2414 4175 turbidum
2457 4122 2608 4183 erat,
2649 4113 2709 4173 id

812 4229 983 4270 omne
1024 4219 1114 4269 tot
1156 4210 1433 4272 adversus
1476 4231 1654 4272 unam
1690 4220 1922 4291 gentem
1965 4212 2421 4294 conspirantium
2462 4210 2707 4292 populo—
