3025 4892
527 380 702 446 1612

533 551 676 602 otoo.

532 648 703 699 zonat.

529 744 702 811 Polyb.
773 745 789 761 ⁶

535 1125 678 1176 Oros·

406 1482 417 1488 ἠ
534 1415 710 1482 Polyb.

555 1811 835 1874 Corn.Nep.

536 1877 586 1925 in
627 1877 836 1928 Hamilc-

534 1941 705 2008 Polyb.

534 2475 683 2526 Corn.
706 2474 837 2539 Nep.

530 3071 702 3137 Polyb.

531 3555 575 3604 A
582 3556 744 3621 ppian.
753 3571 833 3621 ap.

530 3621 832 3673 rolf-Uda·

531 3686 703 3752 Polyb.

1472 397 1542 446 Τ.
1595 397 1783 446 lell

858 539 1084 603 fecisse.
1171 540 1399 602 Hanno
1439 562 1573 602 cum
1615 541 1851 623 reliquis
1890 561 1965 600 ex
2011 540 2216 622 praelio
2253 540 2516 611 navibus,
2545 549 2757 621 praeter

857 659 959 699 eas
997 659 1130 720 quae
1158 639 1488 720 Lilybaeum
1513 648 1843 710 evaserant,
1872 637 2290 718 Carthaginem
2315 647 2601 708 revectus,
2629 657 2756 718 poe-

859 756 965 797 nas
1006 737 1366 797 infelicitatis
1404 756 1526 797 suae
1567 737 1853 818 supplicio
1893 737 2108 817 capitis
2134 735 2261 795 luit.
2346 733 2440 795 At
2465 733 2540 795 O.
2572 735 2757 794 Luta-

859 834 977 893 tius
1013 833 1220 894 consul
1261 834 1338 894 ad
1379 833 1814 915 Lilybaetanum
1854 834 2175 893 exercitum
2213 832 2525 913 profectus,
2563 830 2759 890 donec

860 941 1196 1010 pei-curatur
1219 932 1454 1002 vulnus,
1483 930 1848 992 recensendis
1873 930 2121 990 navibus
2144 929 2587 1009 hominibusque
2611 947 2759 1007 cap-

859 1027 1013 1098 uvis,
1056 1029 1507 1109 imperandoque
1548 1028 1690 1109 quid
1732 1028 1808 1088 de
1847 1026 2089 1106 singulis
2129 1026 2252 1087 fieri
2292 1025 2493 1097 vellet,
2527 1034 2764 1105 tempus

860 1122 1180 1205 impendit:
1222 1125 1359 1186 inde
1378 1124 1673 1206 profectus
1696 1124 1775 1184 ad
1804 1125 2060 1205 Erycem
2078 1144 2212 1183 cum
2236 1121 2584 1184 Hamilcare
2608 1139 2763 1202 prae·

860 1219 1002 1280 lium
1027 1222 1345 1282 secundum
1369 1221 1531 1293 fecit,
1558 1220 1786 1281 duobus
1811 1221 2019 1281 occisis
2046 1220 2368 1280 Poenorum
2394 1218 2673 1278 millibus.

942 1324 1042 1378 59.
1086 1317 1180 1378 At
1221 1317 1754 1397 Carthaginienses,
1800 1317 2035 1396 cognita
2075 1315 2261 1376 cladis
2298 1335 2418 1375 suae
2464 1317 2764 1394 magnitu-

858 1412 1020 1484 dine,
1049 1415 1304 1480 nondum
1330 1415 1569 1495 quidem
1601 1415 1778 1475 animi
1804 1414 1882 1474 ad
1919 1412 2357 1473 instaurandum
2381 1411 2629 1483 bellum,
2654 1411 2764 1472 sed

849 1511 984 1587 jam
1022 1513 1177 1571 vires
1217 1521 1278 1571 et
1312 1510 1629 1571 facultates
1661 1511 2055 1571 deficiebant:
2098 1529 2289 1590 neque
2312 1510 2469 1570 enim
2497 1507 2767 1590 Erycino

859 1609 1145 1668 exercitui
1169 1608 1620 1668 sumministrare
1646 1609 1970 1668 necessaria
1995 1616 2287 1689 poterant,
2316 1625 2473 1667 mare
2509 1607 2764 1666 tenenti-

860 1704 970 1763 bus
1012 1703 1335 1764 Romanis:
1378 1725 1592 1785 neque,
1620 1706 1670 1764 si
1710 1706 1868 1766 hunc
1895 1705 2240 1775 amisissent,
2268 1704 2451 1764 alium
2479 1712 2582 1763 aut
2605 1701 2766 1763 mili-

862 1808 1003 1871 tem,
1032 1811 1136 1862 aut
1168 1801 1381 1862 ducem
1422 1802 1748 1872 habebant,
1775 1802 1872 1862 cui
1898 1801 2183 1862 auderent
2205 1801 2524 1863 confidere.
2613 1798 2766 1861 Hac

861 1899 1203 1958 necessitate
1247 1898 1325 1958 ad
1370 1898 1834 1979 desperationem
1880 1900 2023 1971 acti,
2069 1900 2352 1959 miserunt
2390 1897 2468 1958 ad
2513 1896 2766 1957 Hamil·

859 2015 1076 2066 carem,
1105 2004 1454 2077 potestatem
1481 1997 1536 2056 ei
1572 1995 1903 2058 deferentes
1928 1996 2163 2078 agendi,
2193 1995 2475 2078 quicquid
2516 2017 2551 2056 e
2589 2017 2769 2077 repu-

858 2091 1020 2152 blica
1058 2093 1369 2153 videretur.
1455 2092 1676 2173 Neque
1705 2096 1852 2175 ipse,
1887 2115 2022 2155 cum
2051 2095 2338 2156 hactenus
2361 2094 2568 2175 optimi
2593 2092 2768 2172 ducis

858 2187 1114 2249 officium
1158 2190 1412 2260 fecisset,
1439 2189 1785 2250 deteriorem
1822 2193 2028 2272 patriae
2061 2192 2251 2251 civem
2288 2190 2574 2272 praestitit.
2662 2189 2767 2249 Li-

861 2287 1042 2347 bratis
1089 2289 1243 2347 enim
1289 2289 1613 2349 rationibus
1658 2291 1949 2360 omnibus,
1998 2311 2136 2351 cum
2180 2290 2406 2350 videret
2449 2289 2652 2350 omnia
2701 2309 2767 2348 se

860 2392 1166 2464 expertum
1202 2385 1426 2445 nullam
1466 2386 1720 2467 amplius
1746 2386 1824 2446 ad
1850 2387 2100 2448 salutem
2134 2387 2393 2448 civitatis
2416 2405 2538 2446 suae
2583 2387 2766 2457 viam,

861 2480 971 2538 nisi
1012 2500 1116 2561 per
1155 2501 1386 2562 pacem,
1428 2484 1701 2564 reperire,
1746 2482 1971 2563 legatos
2011 2503 2087 2544 ea
2125 2483 2202 2544 de
2245 2504 2306 2544 re
2348 2483 2426 2543 ad
2463 2482 2766 2543 consulem

861 2578 1038 2638 misit.
1126 2577 1349 2659 Neque
1388 2581 1529 2641 huic
1570 2581 1800 2660 ingrata
1844 2579 2061 2641 accidit
2105 2582 2270 2662 pacis
2309 2580 2564 2641 mentio:
2621 2600 2767 2640 exe-

859 2682 997 2734 unte
1037 2675 1193 2735 enim
1226 2678 1356 2756 jam
1383 2678 1727 2757 magistratu
1752 2697 1881 2749 suo,
1911 2677 2134 2738 nullam
2161 2677 2504 2759 ampliorem
2529 2697 2768 2758 sperare

858 2770 1127 2850 gloriam,
1154 2793 1334 2854 quam
1374 2774 1523 2834 finiti
1565 2795 1669 2856 per
1710 2795 1773 2835 se
1813 2774 1958 2834 belli
2002 2775 2210 2855 quavis
2243 2776 2468 2835 ratione
2494 2783 2766 2856 poterat:

857 2888 991 2928 eam
1032 2890 1171 2931 vero
1213 2869 1459 2948 gloriam
1499 2870 1579 2931 ad
1617 2891 2008 2932 successorem
2045 2873 2456 2942 transmittere,
2494 2891 2632 2931 cum
2673 2871 2766 2930 sui

857 2965 1050 3044 operis
1088 2985 1213 3025 esse
1255 2965 1572 3038 videretur,
1616 2970 2011 3048 importunum
2056 2969 2563 3048 inconsultumque
2597 2965 2768 3046 judi-

857 3060 1054 3120 cabat.
1140 3060 1501 3123 Movebatur
1541 3066 1720 3125 etiam
1763 3065 1916 3125 notis
1941 3065 2234 3126 Romanae
2261 3066 2344 3126 rei
2371 3064 2675 3144 augustiis,
2700 3071 2770 3122 et

859 3165 992 3235 post
1031 3156 1262 3218 labores
1300 3160 1607 3221 continuos
1650 3170 1739 3222 tot
1775 3182 2058 3222 annorum
2094 3160 2414 3244 aliquando
2447 3158 2771 3242 rempubli-

858 3271 990 3311 cam
1015 3254 1212 3333 quiete
1236 3255 1484 3318 refoveri
1510 3267 1780 3338 oportere
1804 3259 2111 3319 sentiebat.

936 3355 1037 3410 60.
1084 3349 1299 3431 Itaque
1339 3353 1771 3414 conditionibus
1811 3354 1964 3415 ultro
2007 3356 2270 3435 citroque
2302 3353 2573 3433 jactatis,
2621 3370 2770 3411 eon·

857 3445 1040 3516 venit,
1071 3456 1087 3481 ‘
1113 3455 1178 3506 ut
1203 3448 1473 3509 universa
1501 3449 1711 3510 Sicilia
1738 3450 1917 3511 Poeni
1945 3451 2331 3512 excederent:
2377 3449 2605 3510 bellum
2627 3466 2769 3509 cum

862 3539 1128 3603 Hierone
1181 3543 1704 3627 Syracusanisque,
1753 3556 1816 3608 et
1864 3548 2035 3608 sociis
2084 3567 2283 3608 eorum
2336 3567 2411 3607 ne
2459 3553 2764 3626 gererent:

855 3640 1125 3717 captivos
1163 3660 1366 3702 omnes
1404 3644 1530 3704 sine
1571 3644 1763 3724 pretio
1804 3645 2111 3705 confestim
2145 3643 2477 3714 redderent,
2504 3644 2772 3720 itemque

853 3735 1216 3816 transfugas:
1261 3741 1487 3818 argenti
1530 3742 1659 3820 puri
1703 3740 1930 3802 talenta
1957 3742 2228 3803 Euboica
2255 3742 2346 3801 bis
2377 3739 2542 3800 mille
2568 3748 2630 3799 et
2651 3736 2770 3796 du-

853 3841 1081 3891 centa-⁸
1124 3855 1230 3915 per
1276 3853 1460 3895 annos
1504 3837 1712 3916 viginti
1756 3838 1940 3919 aequis
1983 3839 2356 3919 pensionibus
2400 3835 2770 3919 penderent:

909 3974 957 4042 ξ·
977 3967 1186 4031 Argenti
1271 3972 1451 4022 talenta
1476 3973 1683 4023 Euboica
1701 3975 1775 4024 bis
1844 3974 2029 4025 ficient
2049 3990 2250 4025 marcas
2267 3979 2533 4024 nostrates
2548 3971 2770 4022 137500.

853 4034 983 4081 mlle
1003 4039 1051 4083 et
1073 4035 1299 4098 ducents]
1336 4037 1413 4086 Ex
1440 4037 1600 4088 Festo
1622 4039 1768 4089 colli·
1844 4041 1938 4090 Est
1961 4050 2017 4092 et
2042 4041 2144 4090 alia
2167 4041 2340 4104 opinio
2364 4040 2431 4089 de
2457 4036 2638 4089 talenti
2657 4035 2774 4084 Eu·

853 4097 995 4156 gitur
1034 4099 1287 4149 talentum
1323 4101 1618 4153 Euboicum
1654 4119 1770 4155 esse
1842 4105 1976 4155 boici
2018 4106 2381 4161 animatione,
2419 4103 2487 4153 de
2521 4117 2615 4167 qua
2650 4097 2767 4146 vid·

854 4155 958 4211 mia
1002 4165 1161 4213 tertia
1198 4173 1350 4229 parte
1390 4168 1578 4225 minus,
1616 4183 1771 4233 qnam
1842 4177 1951 4221 not.
1972 4170 2037 4221 ad
2062 4170 2155 4223 lib.
2181 4182 2409 4222 xxxvii.
2434 4165 2767 4229 maistas.

854 4227 1109 4277 talentum
1135 4229 1387 4279 Atticum.
1444 4233 1599 4284 Quod
1625 4236 1666 4283 si
1693 4249 1772 4283 se·
1848 4237 1991 4288 Creo.

853 4293 1289 4357 quatum-,talenta
1304 4295 1537 4348 Euboica
1549 4299 1773 4351 nomes·
