3025 4892
445 351 618 418 1640

481 1200 656 1265 Polyb.
686 1214 746 1248 11.

450 1270 535 1318 ⁸1.

445 1481 612 1530 Zonar.

446 1579 618 1644 Polyb.

478 1676 621 1725 Oros.
658 1692 713 1724 ιν

448 1745 530 1791 18.

448 2272 743 2338 FestiCspit.

479 2759 581 2809 Liv-
616 2759 748 2823 Epir.

447 2841 541 2873 xx.

478 2890 652 2954 Polyb.
673 2904 735 2937 11.

442 2959 526 3003 82.

486 3035 547 3066 on
581 3035 620 3065 r.

447 3084 618 3148 Polyb.

443 3436 612 3486 Zonar-

1394 368 1464 415 T.
1517 365 1706 416 mvn

770 511 847 572 C.
886 509 1212 571 Claudio¹¹
1259 509 1386 592 Ap.
1428 509 1499 569 F.
1535 509 1611 570 C.
1648 508 1737 571 N.
1775 506 2112 580 Centhone,
2151 506 2243 568 M.
2269 505 2453 568 Junio
2480 506 2562 567 D.
2595 506 2669 567 F.

772 608 853 669 D.
886 607 974 671 N.
1002 608 1186 668 Pera.
1965 657 1972 666 .

848 712 951 766 46.
1000 704 1320 786 Depositus
1349 705 1482 783 jam
1525 703 1669 764 belli
1713 702 1939 765 Gallici
1982 711 2192 775 metus,
2238 701 2496 762 nondum
2539 703 2668 762 vin-

768 801 945 863 dictoe
981 801 1276 884 cupiditas
1312 811 1475 862 erat:
1522 802 1923 882 ambobusque
1966 801 2219 882 proximi
2255 800 2392 860 anni
2412 804 2430 834 ⁸
2456 819 2667 860 consu-

771 898 927 959 libus
968 920 1040 959 ea
1083 899 1385 981 provincia
1426 897 1585 958 data.
1628 896 1703 958 T.
1735 897 2003 958 Manlius
2042 896 2117 958 T.
2163 896 2236 959 F.
2276 897 2350 957 T.
2397 893 2488 956 N.
2520 895 2670 955 Tor-

769 1005 1002 1077 quatus,
1046 997 1132 1064 Q.
1160 995 1403 1056 Fulvius
1439 995 1533 1055 M.
1566 994 1640 1058 F.
1673 996 1755 1063 Q,
1782 994 1872 1056 N.
1905 994 2157 1055 Flaccus
2196 1003 2385 1065 erant,
2424 1003 2668 1072 uterque

770 1094 998 1154 iterum.
1083 1093 1206 1155 His
1247 1093 1561 1165 exercitus,
1605 1102 1667 1154 et
1706 1112 1841 1172 quae
1883 1092 1959 1152 ad
2000 1091 2222 1152 bellum
2265 1088 2669 1152 instruendum

770 1192 1200 1272 gerendumque
1254 1191 1630 1271 pertinebant
1681 1189 1952 1250 alacriter
2000 1189 2287 1250 decreta:
2330 1208 2462 1268 spes
2513 1187 2670 1246 enim

769 1296 918 1360 erat,
948 1298 1080 1369 post
1105 1298 1329 1349 tantam
1344 1288 1677 1359 victoriam,
1703 1296 1830 1349 toto
1849 1288 2008 1347 circa
2029 1275 2272 1346 Padum
2288 1305 2430 1364 agro
2447 1282 2672 1364 depelli

773 1383 988 1445 Gallos
1012 1407 1201 1466 posse,
1227 1387 1277 1446 si
1306 1386 1465 1445 nervi
1492 1383 1945 1446 intenderentur.
2011 1381 2301 1444 Consules
2324 1401 2461 1442 cum
2484 1379 2676 1461 copiis

772 1482 1019 1563 profecti
1066 1484 1250 1563 primo
1290 1483 1485 1544 statim
1529 1492 1746 1544 terrore
1790 1481 1977 1542 Boios
2002 1480 2078 1540 ad
2108 1479 2464 1539 deditionem
2506 1498 2672 1538 com·

774 1578 1009 1659 pulcre:
1052 1581 1283 1659 segnior
1306 1579 1521 1640 deinde
1553 1578 1856 1661 expeditio
1892 1578 2027 1650 fuit,
2070 1577 2151 1637 ob
2190 1574 2580 1657 pestilentiam
2607 1585 2674 1635 et

719 1711 732 1726 ·
770 1678 1075 1737 continuos
1099 1678 1329 1737 imbres.
1390 1676 1525 1737 Alii
1551 1676 1792 1737 tradunt
1816 1676 1924 1736 hos
1947 1673 2218 1735 consules
2233 1672 2411 1733 Pado
2428 1673 2676 1732 numito

769 1772 1003 1833 collatis
1028 1775 1208 1853 signis
1233 1775 1439 1835 vicisse
1470 1774 1768 1845 Insubres,
1815 1773 2112 1834 hominum
2139 1770 2421 1832 occidisse
2463 1770 2576 1830 tria
2609 1780 2676 1831 et

770 1871 976 1949 viginti
1019 1870 1223 1943 millia,
1267 1872 1489 1951 cepisse
1517 1872 1809 1952 quinque:
1851 1870 1956 1930 sed
1982 1869 2150 1929 nobis
2186 1866 2435 1949 Polybii
2479 1869 2674 1948 potior

769 1976 859 2026 est
894 1968 953 2027 in
987 1968 1076 2026 his
1104 1969 1275 2028 rebus
1302 1969 1640 2029 auctoritas.
1713 1967 1952 2027 Interea
1993 1967 2137 2046 quia
2174 1965 2444 2026 consules
2476 1985 2512 2024 e
2536 1963 2672 2024 lon·

766 2064 997 2144 ginquis
1021 2066 1374 2144 regionibus,
1401 2066 1526 2128 sive
1549 2065 1723 2125 rebus
1749 2063 2040 2144 gerendis,
2067 2064 2192 2123 sive
2218 2063 2670 2142 tempestatibus

771 2160 1058 2241 impediti,
1110 2161 1188 2223 ad
1237 2162 1475 2223 comitia
1519 2182 1820 2222 occurrere
1866 2181 1984 2221 non
2031 2169 2364 2241 potuerant,
2417 2161 2545 2238 ejus
2585 2160 2678 2220 rei

769 2258 958 2336 gratia
996 2257 1249 2319 dictator
1288 2269 1520 2320 creatus
1561 2268 1653 2319 est
1688 2257 1761 2319 L.
1792 2256 2070 2317 Caecilius
2099 2256 2169 2317 L.
2205 2256 2274 2316 F.
2304 2256 2379 2315 C.
2409 2254 2500 2316 N.
2531 2255 2674 2316 Me-

769 2354 980 2415 tellus:
1024 2356 1187 2435 isque
1230 2354 1320 2416 N.
1367 2356 1622 2416 Fabium
1661 2354 1756 2417 M.
1804 2352 1875 2414 F.
1923 2353 2015 2414 M.
2048 2352 2138 2414 N.
2185 2352 2514 2414 Buteonem
2542 2373 2674 2412 ms-

769 2453 1009 2530 gistrum
1062 2453 1326 2533 equitum
1372 2451 1545 2513 dixit.
1645 2450 1921 2511 Comitiis
1961 2451 2178 2511 habitis
2222 2448 2490 2510 consules
2525 2448 2676 2508 facti

767 2560 903 2609 sunt
944 2548 1019 2609 C.
1050 2549 1483 2632 Flaminius-C.
1518 2548 1590 2609 F.
1623 2549 1694 2609 L.
1724 2546 1820 2613 N.
1848 2547 1929 2608 P.
1959 2547 2169 2612 Furius
2202 2546 2310 2628 Sp,
2339 2545 2418 2618 E.
2450 2546 2546 2608 Μ.
2577 2544 2673 2605 N.

772 2645 1037 2707 Philus*

849 2751 950 2808 47.
998 2743 1092 2804 Hi
1122 2746 1292 2826 primi
1321 2743 1753 2818 Romanorum,
1779 2755 1844 2807 ut
1868 2745 2162 2817 existimo,
2191 2744 2432 2805 Padum
2461 2739 2678 2802 transi·

770 2861 907 2902 vere
933 2861 1068 2902 cum
1087 2844 1375 2915 exercitu,
1403 2864 1523 2923 qua
1542 2843 1756 2904 fluvius
1785 2842 2012 2903 Addua
2039 2841 2218 2902 Pado
2242 2840 2681 2910 committiuu,⁸

772 2938 831 2996 in
875 2939 1171 3015 regionem
1216 2939 1530 3000 Insubrum
1573 2941 1890 3021 irruptione
1930 2939 2113 3008 facta.
2200 2938 2401 2998 Multo
2446 2936 2678 3005 labore,

773 3055 962 3114 neque
1008 3036 1171 3096 nullo
1205 3039 1510 3116 sanguine,
1552 3040 1680 3100 haec
1718 3037 1971 3099 audacia
2010 3038 2308 3099 constitit:
2352 3056 2488 3098 nam
2521 3043 2586 3095 et
2607 3035 2680 3094 in

772 3131 1016 3191 transitu
1060 3131 1333 3205 fluminis,
1380 3144 1442 3195 et
1482 3135 1626 3196 dum
1651 3145 1846 3196 castra
1888 3145 2202 3216 ponuntur,
2241 3134 2450 3196 acriter
2477 3133 2680 3192 incur-

772 3237 962 3288 rentes
985 3228 1181 3289 hostae
1214 3230 1622 3293 Romanorum
1666 3231 1824 3293 haud
1867 3252 2089 3312 paucos
2125 3229 2483 3292 occiderunt.
2573 3228 2676 3288 Ex

772 3324 976 3385 harum
1002 3347 1191 3387 rerum
1220 3329 1436 3389 nuntiis
1459 3338 1649 3389 ortam
1676 3328 2107 3396 solicitudinem
2151 3328 2492 3388 immensum
2518 3344 2680 3386 aux-

769 3442 865 3482 ere
894 3423 1181 3503 prodigia,
1230 3425 1391 3505 quod
1434 3427 1494 3486 in
1531 3426 1763 3487 Piceno
1803 3424 2018 3485 fiumen
2056 3444 2323 3485 manasse
2363 3422 2680 3503 sanguine,

835 3621 897 3668 11
934 3617 1022 3669 Ita
1043 3619 1197 3672 CreV.
1220 3635 1285 3672 ex
1312 3623 1479 3674 Fastis
1502 3622 1679 3688 Capit.
1714 3620 1850 3672 Edd.
1871 3622 2074 3687 priores
2100 3621 2162 3678 Q.
2183 3620 2401 3670 clauum

1531 3763 1898 3787 ‘eume-ee

769 3863 853 3909 28.
889 3875 1057 3923 snpra.
1121 3862 1225 3912 Sed
1271 3862 1570 3914 dubitamus
1617 3878 1682 3913 su
1755 3862 2074 3915 sustulimus.
2161 3860 2542 3911 Freinshemius
2616 3861 2683 3912 in

773 3927 1148 3990 proprietatem
1206 3929 1379 3979 Latini
1432 3930 1683 3980 sermonis
1753 3928 1990 3979 fraudem
2016 3927 2260 3980 inductus
2291 3928 2358 3978 ab
2382 3929 2686 3991 interprete

769 3993 1073 4041 servaverit.
1111 3993 1254 4042 Creo.
1754 3994 1983 4058 Polybii,
2003 3993 2223 4043 dederet
2246 4008 2340 4057 qua
2359 3992 2549 4058 fluvius
2571 3992 2691 4043 Pa-

832 4056 851 4087 ⁸
886 4054 952 4104 A.
974 4054 1041 4105 U.
1067 4056 1129 4107 C.
1152 4061 1267 4107 528.
1304 4056 1371 4108 A.
1393 4057 1455 4109 C.
1479 4062 1595 4109 22⁴.
1751 4061 1886 4108 dm.
1950 4057 2055 4108 Sed
2085 4059 2277 4109 Padusa
2300 4072 2454 4106 unum
2489 4065 2574 4106 est
2604 4073 2688 4109 ex

833 4127 862 4152 ⁸
896 4124 961 4169 A.
984 4122 1052 4171 U.
1077 4122 1138 4172 C.
1161 4126 1276 4173 529.
1312 4122 1379 4173 A.
1400 4124 1460 4173 C.
1479 4129 1595 4175 223.
1754 4126 1901 4174 ostiis
1923 4125 2080 4183 Pedi,
2105 4124 2284 4186 procul
2309 4122 2376 4172 sb
2397 4122 2690 4175 Insubrum

828 4192 863 4260 ξ
895 4185 1004 4260 ,ῥεια
1013 4187 1201 4251 fluvius
1216 4189 1390 4238 Addua
1408 4188 1543 4238 Pado
1558 4205 1681 4239 eom·
1755 4191 1983 4253 regione.
2048 4189 2294 4254 Polybius
2318 4189 2476 4238 hebet
2509 4187 2689 4242 Ἀδὸα.

772 4251 1011 4315 uuidar]
1038 4252 1299 4318 Insignem
1318 4253 1439 4306 binc
1453 4269 1682 4306 errorem
1756 4263 1811 4306 ot
1832 4255 1908 4307 sic
1933 4256 2165 4321 postulat
2190 4256 2420 4306 locorum
2443 4252 2596 4304 situs.
