3025 4892
1023 390 1169 444 mn.
1217 391 1448 446 xxiv.
1496 399 1662 448 cu.
1707 379 1817 451 15.
2352 382 2525 454 2011

325 528 470 599 sine
494 532 629 600 ullo
659 534 1042 604 insidiarum
1073 547 1250 607 metu
1289 561 1447 607 vera
1477 544 1722 611 virtute
1758 547 1894 629 geri
1926 566 2033 612 res
2058 562 2314 633 posset.
2383 548 2526 630 Qut

293 646 537 721 *caput
569 640 785 705 bostis
817 641 1174 717 retulisset,
1201 665 1351 710 eum
1388 666 1463 711 se
1508 649 1848 731 extemplo
1876 651 2204 716 liberum
2175 672 2523 737 jussurum

325 761 527 807 esse:
574 745 691 827 qui
720 744 876 810 loco
905 747 1245 825 cessisset,
1274 748 1343 811 in
1371 753 2194 839 eumjflthu⁸
2223 755 2528 821 animad-

322 862 683 912 versurum.
695 860 746 933 4
770 848 976 914 Suam
1007 851 1252 935 cuique
1280 851 1668 920 fortunam
1649 876 1716 920 ιιι
1748 876 1950 923 manu
1973 877 2161 925 esse.
2195 858 2526 926 libertatis
2627 844 2632 849 ’

322 956 659 1015 auctorem
685 953 788 1016 eis
819 972 950 1017 non
984 972 1059 1017 se
1089 955 1229 1020 sore
1271 957 1513 1036 solum,
1556 958 1675 1023 sed
1708 961 2052 1026 consulem
2101 960 2200 1026 Μ.
2234 960 2530 1027 Marcel·

320 1050 458 1116 lum
491 1061 562 1117 ct
589 1055 941 1120 universos
973 1056 1248 1140 Patre33
1273 1064 1322 1098 ¹¹
1370 1079 1570 1143 quos,
1598 1062 1942 1128 consultos
1973 1063 2063 1128 ab
2107 1085 2183 1130 se
2213 1063 2297 1130 de
2327 1064 2529 1130 liber·

321 1158 460 1219 tate
503 1175 757 1237 eorum,
808 1159 939 1225 sibi
984 1163 1523 1246 permisisse.'¹²‘
1606 1162 1879 1231 Literas
1934 1166 2086 1232 inde
2115 1169 2414 1234 consulis
2439 1188 2523 1234 ac

319 1269 592 1324 senatus
620 1263 1002 1329 consultum
1034 1267 1363 1332 recitavit.
1396 1287 1418 1331 ι
1451 1266 1564 1333 Ad
1610 1288 1768 1353 quae
1814 1271 2064 1336 clamor
2092 1292 2244 1336 cum
2275 1272 2527 1352 ingenti

322 1380 603 1427 assensu
650 1371 758 1430 est
800 1367 1125 1435 sublatus.
1219 1370 1526 1453 Pugnam
1573 1374 1967 1456 poscebant,
2001 1375 2400 1460 signumque
2448 1382 2528 1439 ut

319 1464 514 1531 daret
539 1471 906 1554 extemplo,
936 1471 1248 1539 ferociter
1281 1475 1652 1542 instabant.
1741 1476 2114 1555 Gracchus,
2164 1478 2406 1563 praelio
2455 1479 2524 1542 iu

317 1577 655 1653 posterum
705 1572 883 1638 diem
932 1577 1386 1659 pronuntiato,
1442 1579 1839 1645 concionem
1894 1580 2178 1646 dimisit.
2268 1579 2526 1645 Milites

315 1672 484 1752 loeti,
508 1676 851 1760 praecipue
877 1681 1127 1763 quibus
1159 1698 1414 1746 merces
1456 1689 1723 1748 navatae
1750 1685 1817 1747 iu
1851 1702 2059 1748 unum
2089 1683 2266 1748 diem
2295 1701 2526 1766 operae

315 1777 593 1843 libertas
637 1780 861 1846 futura
903 1790 1066 1860 erat,
1072 1791 1119 1831 ¹⁸
1170 1785 1372 1849 armis
1419 1785 1867 1877 expediendis
1894 1785 2083 1871 quod
2128 1786 2448 1869 reliquum
2474 1791 2529 1833 ¹⁴

316 1893 743 1952 consumunt.

404 1984 509 2051 15.
554 1986 848 2052 Postero
891 1986 1030 2068 die,
1076 1991 1193 2055 ubi
1234 1990 1430 2073 sigua
1471 1998 1823 2075 coeperunt
1850 2009 2113 2070 canere,
2157 1992 2354 2074 primi
2383 2011 2527 2056 om·

312 2087 546 2154 nium*
577 2092 789 2174 parati
819 2090 1253 2177 instructique
1282 2093 1367 2158 ad
1408 2094 1794 2176 praetorium
1842 2096 2275 2159 conveniunt.
2361 2095 2525 2160 Sole

313 2195 478 2269 orto,
511 2193 864 2260 Gracchus
908 2196 977 2259 in
1012 2198 1224 2262 aciem
1271 2197 1507 2280 copias
1537 2196 1844 2261 educit.¹⁵
1941 2195 2094 2262 Nec
2127 2196 2356 2262 hostes
2385 2216 2527 2262 mo-

313 2312 456 2359 ram
485 2295 851 2363 dimicandi
880 2297 1197 2364 fecerunt.
1244 2298 1500 2364 Decem
1521 2304 1589 2363 et
1617 2306 1879 2383 septem
1909 2298 2121 2364 millia
2146 2298 2441 2383 peditum
2474 2297 2527 2340 ¹⁶

311 2405 521 2475 erant,
552 2401 847 2464 maxima
892 2420 979 2465 ex
1025 2406 1213 2485 parte
1269 2400 1520 2465 Bruttii
1564 2421 1646 2466 ac
1687 2400 1982 2466 Lucani:
2028 2404 2289 2485 equites
2339 2398 2524 2466 mille

312 2499 630 2582 ducenti;
676 2503 849 2567 inter
875 2522 1046 2588 quos
1075 2503 1279 2587 pauci
1312 2502 1673 2567 admodum
1697 2500 1954 2580 Italici,
1972 2504 2173 2567 ceteri
2197 2501 2519 2568 Numidoe

311 2601 450 2668 sere
498 2624 733 2670 omnes
783 2604 1169 2691 Maurique.
1259 2605 1634 2690 Pugnatum
1680 2612 1780 2670 est
1824 2614 1897 2670 et
1945 2606 2213 2684 acriter,
2268 2613 2333 2670 et
2385 2605 2520 2670 diu.

1216 2788 1243 2808 O
1250 2788 1584 2810 eoeeaeeoom

311 2904 458 2955 rio-c
480 2901 546 2954 ad
569 2903 719 2954 Drak
725 2909 869 2956 .-—11
905 2905 922 2933 ‘
948 2903 1044 2956 Sed
1062 2906 1270 2957 mirera.
1297 2907 1358 2956 Ρ.
1382 2906 1545 2956 Grou.
1575 2905 1728 2954 cres.
1749 2902 1919 2956 Drak.
1977 2902 2263 2967 Vulgatnm
2287 2902 2525 2954 omuibus

308 2968 446 3021 Mn.
469 2976 524 3019 et
548 2970 677 3033 reliq
683 2970 761 3019 uis
781 2970 918 3020 Edd.
943 2972 1228 3023 tuentibus.
1293 2970 1747 3034 Elegantissimam
1771 2985 1886 3020 este
1904 2969 2153 3021 Gronovii
2172 2970 2522 3034 conjecturam

311 3049 417 3084 non
440 3047 591 3096 nego,
613 3035 726 3096 sed,
749 3036 891 3085 nulla
915 3045 1134 3100 urgente
1159 3038 1491 3098 necessitate,
1532 3035 1700 3092 Livio,
1735 3035 1911 3084 invitia
1936 3036 2067 3086 Mas.
2093 3035 2405 3098 elegantiam
2431 3035 2524 3083 ob·

310 3098 527 3150 trudere
552 3098 745 3149 nolim.'
779 3100 964 3151 Stroth.
970 3106 1099 3152 -12
1133 3102 1275 3153 Olim
1298 3103 1589 3166 legebatur,
1609 3105 1693 3164 qui
1722 3101 1964 3151 eonati.
2074 3100 2450 3164 mernisioeene.
2456 3127 2521 3137 -

309 3169 494 3216 -181
513 3164 806 3215 Gronovius
841 3181 906 3216 ex
943 3168 1074 3218 Mss.
1113 3169 1370 3218 nonnullis
1404 3166 1662 3217 malebat:
1688 3166 1855 3231 ςιιιῠιω
1884 3180 2060 3216 merces
2091 3171 2265 3215 navata
2296 3181 2345 3214 ιιι
2376 3180 2522 3214 unam

309 3231 437 3281 ditm
459 3244 600 3295 opera
637 3231 876 3280 libertatis
890 3231 1069 3292 futura
1091 3241 1213 3283 erat.
1280 3234 1411 3286 Quae
1435 3233 1598 3283 lectio
1632 3233 1674 3281 si
1702 3246 1821 3281 vera
1853 3242 2010 3288 esset,
2043 3236 2217 3280 nume
2250 3245 2391 3293 opera
2427 3243 2522 3293 pro

311 3296 542 3346 ablativo
561 3297 796 3346 absoluto
820 3298 1198 3363 accipiendum,
1222 3308 1377 3363 atque
1399 3312 1576 3349 merces
1596 3297 1833 3348 libertatis
1854 3296 2220 3385 explicandum
2247 3295 2356 3344 for·
2347 3305 2401 3352 t
2427 3310 2521 3359 per

309 3362 549 3411 ‘merces
573 3377 688 3425 quae
715 3362 958 3412 libertate
990 3364 1245 3425 solvitur?
1280 3371 1387 3415 ιιι·
1408 3367 1620 3428 praemia
1650 3361 1928 3413 bonorum'
1955 3375 2107 3459 :iaepe
2142 3360 2276 3424 apud
2311 3363 2521 3410 Cicero·

308 3440 450 3488 nem,
491 3441 583 3489 pro
619 3426 832 3491 premia
867 3443 983 3493 qum
1022 3430 1294 3481 bonoribus
1331 3428 1662 3480 conferendis
1693 3427 1918 3488 dautur3
1955 3428 2180 3476 ‘mortis
2224 3429 2403 3489 poena’
2426 3441 2521 3487 pro

309 3490 2521 3644 mmmm&&lgaf‘sgffi¹0⁴„21m0“⁰..⁶.f.‘‡t⁹:.¹‚‘·.·3:3‚¹'affi‘ss‘t‘a'fflzf'zt

307 3636 421 3685 aeq.
444 3622 662 3687 intelligi
688 3632 856 3674 mouet
886 3625 1049 3675 Drak.
1102 3625 1203 3676 diei
1223 3639 1318 3690 pro
1339 3627 1458 3689 quod
1481 3624 1630 3672 dedit
1647 3621 1830 3672 Gran!
1866 3623 2068 3685 Rupere.

378 3692 439 3738 15
482 3688 666 3739 Eduxit
690 3688 826 3741 Edd.
851 3698 973 3741 ante
996 3690 1228 3743 Gronov.
1231 3695 1361 3741 -16
1394 3692 1410 3721 ⁸
1428 3690 1711 3740 Meliores·
1739 3688 1913 3739 Decem
1929 3690 2103 3750 septeni
2120 3684 2270 3735 ιιιιἩὶα
2290 3684 2521 3749 peditum,

1308 3836 1524 3890 NOTAE

307 3934 668 3999 rint-omnlino,
691 3935 958 4001 profanus,
978 3938 1066 4003 qui
1094 3939 1234 3988 nulla
1256 3937 1370 3987 reli·
1452 3935 1763 3998 supplicium
1789 3947 2076 3983 nervorum.

309 4012 468 4077 gione
502 4020 744 4075 tenetur3
776 4016 867 4066 aed
890 4016 975 4081 qui
1002 4016 1210 4080 proprie
1234 4031 1370 4066 eam·
1518 4016 1535 4047 ⁸
1567 4012 1648 4063 De
1667 4010 1888 4063 libertate
1908 4022 2088 4073 eorum,
2108 4009 2198 4060 sibi
2226 4003 2520 4073 permisisse]

308 4105 425 4155 pus,
447 4092 707 4141 montibus
733 4092 1018 4143 collibusve
1050 4099 1102 4142 et
1127 4092 1371 4142 convalli·
1453 4089 1933 4152 Intelligellberum
1953 4086 2221 4136 arbitrium
2239 4085 2520 4134 decernen-

306 4165 401 4216 bus
426 4176 590 4217 caret.
656 4165 796 4217 Gall.
820 4182 878 4217 en
902 4183 1005 4217 rane
1025 4183 1297 4232 campagus.
1452 4169 1526 4231 di,
1552 4167 1637 4232 qui
1662 4165 1906 4215 libertate
1929 4163 2070 4229 digni
2097 4172 2291 4213 essent.

374 4251 395 4278 ⁸
425 4244 605 4296 Servili
618 4244 870 4309 supplicio]
895 4245 957 4294 Id
978 4250 1078 4308 est,
1097 4247 1147 4294 in
1166 4260 1371 4297 crucem
1517 4251 1542 4278 ⁸
1576 4243 1740 4293 Prima·
1770 4241 1999 4306 omnium]
2046 4241 2293 4304 volones,
2330 4252 2519 4302 nempe

307 4320 661 4385 patibulumve
690 4319 1042 4384 sublaturum,
1084 4321 1220 4386 quod
1258 4329 1375 4373 erat
1455 4330 1577 4372 unte
1602 4332 1778 4370 omnes
1801 4319 1946 4369 alios.
