<?xml version="1.0" encoding="UTF-8"?>
<!DOCTYPE html PUBLIC "-//W3C//DTD XHTML 1.0 Transitional//EN"
    "http://www.w3.org/TR/xhtml1/DTD/xhtml1-transitional.dtd">
<html xmlns="http://www.w3.org/1999/xhtml" xml:lang="en" lang="en">
 <head>
  <title>
</title>
<meta http-equiv="Content-Type" content="text/html;charset=utf-8" />
  <meta name='ocr-system' content='tesseract 3.04.00' />
  <meta name='ocr-capabilities' content='ocr_page ocr_carea ocr_par ocr_line ocrx_word'/>
</head>
<body>
  <div class='ocr_page' id='page_1' title='image "./tliviipatavinih04unkngoog_0015.png"; bbox 0 0 3025 4892; ppageno 0'>
   <div class='ocr_carea' id='block_1_1' title="bbox 908 346 2528 433">
    <p class='ocr_par' dir='ltr' id='par_1_1' title="bbox 908 346 2528 433">
     <span class='ocr_line' id='line_1_1' title="bbox 908 346 2528 433; baseline 0.002 -24"><span class='ocrx_word' id='word_1_1' title='bbox 908 361 1269 411; x_wconf 65' lang='lat' dir='ltr'>srlsrona</span> <span class='ocrx_word' id='word_1_2' title='bbox 1324 360 1956 433; x_wconf 63' lang='grc' dir='ltr'><strong>ΝυΝουΡΑιζυιιιΑ.</strong></span> <span class='ocrx_word' id='word_1_3' title='bbox 2355 346 2528 412; x_wconf 83' lang='grc'><strong>1395</strong></span> 
     </span>
    </p>
   </div>
   <div class='ocr_carea' id='block_1_2' title="bbox 318 510 2581 4281">
    <p class='ocr_par' dir='ltr' id='par_1_2' title="bbox 318 510 2581 4281">
     <span class='ocr_line' id='line_1_2' title="bbox 318 510 2530 593; baseline -0.001 -19"><span class='ocrx_word' id='word_1_4' title='bbox 318 516 453 587; x_wconf 88' lang='lat' dir='ltr'>bus,</span> <span class='ocrx_word' id='word_1_5' title='bbox 482 534 630 593; x_wconf 87' lang='lat' dir='ltr'>quas</span> <span class='ocrx_word' id='word_1_6' title='bbox 669 514 845 572; x_wconf 87' lang='lat' dir='ltr'>etiam</span> <span class='ocrx_word' id='word_1_7' title='bbox 888 512 1097 572; x_wconf 88' lang='lat' dir='ltr'>ardens</span> <span class='ocrx_word' id='word_1_8' title='bbox 1136 511 1444 583; x_wconf 84' lang='lat' dir='ltr'>desiderio,</span> <span class='ocrx_word' id='word_1_9' title='bbox 1477 521 1542 575; x_wconf 87' lang='lat' dir='ltr'>et</span> <span class='ocrx_word' id='word_1_10' title='bbox 1576 511 1776 572; x_wconf 81' lang='lat' dir='ltr'>favore</span> <span class='ocrx_word' id='word_1_11' title='bbox 1824 513 2137 592; x_wconf 84' lang='lat' dir='ltr'>quantovis</span> <span class='ocrx_word' id='word_1_12' title='bbox 2178 510 2440 591; x_wconf 80' lang='lat' dir='ltr'>adjutus,</span> <span class='ocrx_word' id='word_1_13' title='bbox 2467 522 2530 571; x_wconf 88' lang='lat' dir='ltr'>et</span> 
     </span>
     <span class='ocr_line' id='line_1_3' title="bbox 318 607 2581 693; baseline -0.001 -23"><span class='ocrx_word' id='word_1_14' title='bbox 318 612 521 670; x_wconf 86' lang='lat' dir='ltr'>liberis</span> <span class='ocrx_word' id='word_1_15' title='bbox 540 611 848 693; x_wconf 85' lang='lat' dir='ltr'>permissus</span> <span class='ocrx_word' id='word_1_16' title='bbox 869 610 1095 690; x_wconf 86' lang='lat' dir='ltr'>spatiis,</span> <span class='ocrx_word' id='word_1_17' title='bbox 1124 608 1337 669; x_wconf 90' lang='lat' dir='ltr'>nedum</span> <span class='ocrx_word' id='word_1_18' title='bbox 1360 609 1417 667; x_wconf 89' lang='lat' dir='ltr'>in</span> <span class='ocrx_word' id='word_1_19' title='bbox 1446 609 1619 668; x_wconf 87' lang='lat' dir='ltr'>unius</span> <span class='ocrx_word' id='word_1_20' title='bbox 1643 607 1908 688; x_wconf 80' lang='lat' dir='ltr'>epistolae</span> <span class='ocrx_word' id='word_1_21' title='bbox 1936 618 2177 668; x_wconf 87' lang='lat' dir='ltr'>coactus</span> <span class='ocrx_word' id='word_1_22' title='bbox 2204 609 2525 686; x_wconf 85' lang='lat' dir='ltr'>angustias,</span> <span class='ocrx_word' id='word_1_23' title='bbox 2571 635 2581 645; x_wconf 95' lang='lat'>·</span> 
     </span>
     <span class='ocr_line' id='line_1_4' title="bbox 322 704 2526 787; baseline -0.002 -19"><span class='ocrx_word' id='word_1_24' title='bbox 322 729 429 787; x_wconf 77' lang='lat' dir='ltr'>pm</span> <span class='ocrx_word' id='word_1_25' title='bbox 471 708 757 787; x_wconf 70' lang='lat' dir='ltr'><strong>dignitate</strong></span> <span class='ocrx_word' id='word_1_26' title='bbox 798 708 1094 787; x_wconf 79' lang='lat' dir='ltr'>nequirem</span> <span class='ocrx_word' id='word_1_27' title='bbox 1136 707 1370 786; x_wconf 85' lang='lat' dir='ltr'>exequi.</span> <span class='ocrx_word' id='word_1_28' title='bbox 1457 704 1715 766; x_wconf 86' lang='lat' dir='ltr'>Confido</span> <span class='ocrx_word' id='word_1_29' title='bbox 1758 715 1955 765; x_wconf 85' lang='lat' dir='ltr'>tamen</span> <span class='ocrx_word' id='word_1_30' title='bbox 2000 715 2526 787; x_wconf 77' lang='lat' dir='ltr'>temperamentum</span> 
     </span>
     <span class='ocr_line' id='line_1_5' title="bbox 322 803 2525 885; baseline -0 -22"><span class='ocrx_word' id='word_1_31' title='bbox 322 806 429 877; x_wconf 81' lang='lat' dir='ltr'>rei,</span> <span class='ocrx_word' id='word_1_32' title='bbox 457 804 617 885; x_wconf 89' lang='lat' dir='ltr'>quod</span> <span class='ocrx_word' id='word_1_33' title='bbox 659 825 848 884; x_wconf 86' lang='lat' dir='ltr'>neque</span> <span class='ocrx_word' id='word_1_34' title='bbox 887 803 981 863; x_wconf 91' lang='lat' dir='ltr'>Tu</span> <span class='ocrx_word' id='word_1_35' title='bbox 1021 804 1337 884; x_wconf 83' lang='lat' dir='ltr'>vituperes,</span> <span class='ocrx_word' id='word_1_36' title='bbox 1364 823 1500 863; x_wconf 89' lang='lat' dir='ltr'>cum</span> <span class='ocrx_word' id='word_1_37' title='bbox 1540 823 1618 863; x_wconf 87' lang='lat' dir='ltr'>ex</span> <span class='ocrx_word' id='word_1_38' title='bbox 1660 803 1926 863; x_wconf 87' lang='lat' dir='ltr'>instituto</span> <span class='ocrx_word' id='word_1_39' title='bbox 1967 803 2263 883; x_wconf 87' lang='lat' dir='ltr'>praesenti,</span> <span class='ocrx_word' id='word_1_40' title='bbox 2292 812 2416 862; x_wconf 89' lang='lat' dir='ltr'>tum</span> <span class='ocrx_word' id='word_1_41' title='bbox 2449 823 2525 862; x_wconf 77' lang='lat' dir='ltr'>ex</span> 
     </span>
     <span class='ocr_line' id='line_1_6' title="bbox 323 899 2528 982; baseline -0.001 -21"><span class='ocrx_word' id='word_1_42' title='bbox 323 903 583 962; x_wconf 85' lang='lat' dir='ltr'>moribus</span> <span class='ocrx_word' id='word_1_43' title='bbox 606 902 902 981; x_wconf 85' lang='lat' dir='ltr'>utriusque</span> <span class='ocrx_word' id='word_1_44' title='bbox 930 900 1074 961; x_wconf 80' lang='lat' dir='ltr'>fore.</span> <span class='ocrx_word' id='word_1_45' title='bbox 1159 900 1326 960; x_wconf 86' lang='lat' dir='ltr'>Nam</span> <span class='ocrx_word' id='word_1_46' title='bbox 1350 911 1411 961; x_wconf 89' lang='lat' dir='ltr'>et</span> <span class='ocrx_word' id='word_1_47' title='bbox 1441 920 1553 980; x_wconf 88' lang='lat' dir='ltr'>ego</span> <span class='ocrx_word' id='word_1_48' title='bbox 1579 899 1845 982; x_wconf 82' lang='lat' dir='ltr'>profecto</span> <span class='ocrx_word' id='word_1_49' title='bbox 1872 899 2270 960; x_wconf 77' lang='lat' dir='ltr'>adulationem</span> <span class='ocrx_word' id='word_1_50' title='bbox 2294 919 2528 959; x_wconf 88' lang='lat' dir='ltr'>omnem</span> 
     </span>
     <span class='ocr_line' id='line_1_7' title="bbox 324 996 2529 1078; baseline -0.001 -20"><span class='ocrx_word' id='word_1_51' title='bbox 324 997 550 1058; x_wconf 87' lang='lat' dir='ltr'>Tecum</span> <span class='ocrx_word' id='word_1_52' title='bbox 589 998 865 1069; x_wconf 79' lang='lat' dir='ltr'>detestor,</span> <span class='ocrx_word' id='word_1_53' title='bbox 908 1018 1097 1078; x_wconf 87' lang='lat' dir='ltr'>neque</span> <span class='ocrx_word' id='word_1_54' title='bbox 1132 1018 1273 1057; x_wconf 88' lang='lat' dir='ltr'>sane</span> <span class='ocrx_word' id='word_1_55' title='bbox 1321 998 1559 1057; x_wconf 76' lang='lat' dir='ltr'><strong>suavius</strong></span> <span class='ocrx_word' id='word_1_56' title='bbox 1598 996 1810 1077; x_wconf 86' lang='lat' dir='ltr'>loquar</span> <span class='ocrx_word' id='word_1_57' title='bbox 1859 997 2083 1078; x_wconf 89' lang='lat' dir='ltr'>aliquid</span> <span class='ocrx_word' id='word_1_58' title='bbox 2128 997 2529 1068; x_wconf 74' lang='lat' dir='ltr'>assentatorie,</span> 
     </span>
     <span class='ocr_line' id='line_1_8' title="bbox 328 1092 2532 1176; baseline -0.002 -20"><span class='ocrx_word' id='word_1_59' title='bbox 328 1117 507 1176; x_wconf 88' lang='lat' dir='ltr'>quam</span> <span class='ocrx_word' id='word_1_60' title='bbox 530 1095 623 1156; x_wconf 90' lang='lat' dir='ltr'>Tu</span> <span class='ocrx_word' id='word_1_61' title='bbox 652 1095 875 1156; x_wconf 83' lang='lat' dir='ltr'>audias.</span> <span class='ocrx_word' id='word_1_62' title='bbox 962 1095 1045 1154; x_wconf 85' lang='lat' dir='ltr'>Et</span> <span class='ocrx_word' id='word_1_63' title='bbox 1076 1115 1180 1175; x_wconf 89' lang='lat' dir='ltr'>pro</span> <span class='ocrx_word' id='word_1_64' title='bbox 1206 1096 1473 1154; x_wconf 83' lang='lat' dir='ltr'>acumine</span> <span class='ocrx_word' id='word_1_65' title='bbox 1498 1092 1715 1174; x_wconf 86' lang='lat' dir='ltr'>judicii</span> <span class='ocrx_word' id='word_1_66' title='bbox 1739 1094 1855 1153; x_wconf 89' lang='lat' dir='ltr'>Tui</span> <span class='ocrx_word' id='word_1_67' title='bbox 1882 1115 1996 1155; x_wconf 90' lang='lat' dir='ltr'>non</span> <span class='ocrx_word' id='word_1_68' title='bbox 2025 1094 2277 1172; x_wconf 87' lang='lat' dir='ltr'>ignoras,</span> <span class='ocrx_word' id='word_1_69' title='bbox 2304 1112 2396 1153; x_wconf 91' lang='lat' dir='ltr'>me</span> <span class='ocrx_word' id='word_1_70' title='bbox 2419 1094 2532 1153; x_wconf 90' lang='lat' dir='ltr'>hoc</span> 
     </span>
     <span class='ocr_line' id='line_1_9' title="bbox 328 1190 2533 1274; baseline -0.002 -21"><span class='ocrx_word' id='word_1_71' title='bbox 328 1213 453 1253; x_wconf 74' lang='lat' dir='ltr'>esse</span> <span class='ocrx_word' id='word_1_72' title='bbox 496 1194 752 1271; x_wconf 84' lang='lat' dir='ltr'>ingenio,</span> <span class='ocrx_word' id='word_1_73' title='bbox 796 1191 984 1272; x_wconf 90' lang='lat' dir='ltr'>(quod</span> <span class='ocrx_word' id='word_1_74' title='bbox 1025 1193 1197 1273; x_wconf 84' lang='lat' dir='ltr'>pauci</span> <span class='ocrx_word' id='word_1_75' title='bbox 1240 1192 1452 1274; x_wconf 83' lang='lat' dir='ltr'>privati</span> <span class='ocrx_word' id='word_1_76' title='bbox 1495 1201 1794 1273; x_wconf 81' lang='lat' dir='ltr'>praestare,</span> <span class='ocrx_word' id='word_1_77' title='bbox 1838 1202 1901 1251; x_wconf 93' lang='lat' dir='ltr'>et</span> <span class='ocrx_word' id='word_1_78' title='bbox 1941 1193 2114 1271; x_wconf 89' lang='lat' dir='ltr'>pauci</span> <span class='ocrx_word' id='word_1_79' title='bbox 2149 1190 2351 1269; x_wconf 81' lang='lat' dir='ltr'>Reges</span> <span class='ocrx_word' id='word_1_80' title='bbox 2383 1190 2533 1250; x_wconf 83' lang='lat' dir='ltr'>ferre</span> 
     </span>
     <span class='ocr_line' id='line_1_10' title="bbox 328 1286 2533 1370; baseline -0.001 -21"><span class='ocrx_word' id='word_1_81' title='bbox 328 1293 622 1369; x_wconf 52' lang='lat' dir='ltr'>posnan)</span> <span class='ocrx_word' id='word_1_82' title='bbox 650 1299 737 1360; x_wconf 89' lang='lat' dir='ltr'>ut,</span> <span class='ocrx_word' id='word_1_83' title='bbox 769 1291 817 1349; x_wconf 84' lang='lat' dir='ltr'>si</span> <span class='ocrx_word' id='word_1_84' title='bbox 840 1289 1011 1349; x_wconf 87' lang='lat' dir='ltr'>detur</span> <span class='ocrx_word' id='word_1_85' title='bbox 1039 1290 1226 1370; x_wconf 83' lang='lat' dir='ltr'>optio,</span> <span class='ocrx_word' id='word_1_86' title='bbox 1256 1289 1533 1370; x_wconf 81' lang='lat' dir='ltr'>prodesse</span> <span class='ocrx_word' id='word_1_87' title='bbox 1547 1289 1687 1348; x_wconf 89' lang='lat' dir='ltr'>Tibi</span> <span class='ocrx_word' id='word_1_88' title='bbox 1716 1308 1852 1349; x_wconf 90' lang='lat' dir='ltr'>cum</span> <span class='ocrx_word' id='word_1_89' title='bbox 1884 1286 2145 1370; x_wconf 86' lang='lat' dir='ltr'>periculo</span> <span class='ocrx_word' id='word_1_90' title='bbox 2177 1288 2533 1359; x_wconf 85' lang='lat' dir='ltr'>offensionis,</span> 
     </span>
     <span class='ocr_line' id='line_1_11' title="bbox 330 1384 2535 1467; baseline -0 -22"><span class='ocrx_word' id='word_1_91' title='bbox 330 1406 408 1445; x_wconf 75' lang='lat' dir='ltr'>an</span> <span class='ocrx_word' id='word_1_92' title='bbox 458 1385 692 1466; x_wconf 80' lang='lat' dir='ltr'>placere</span> <span class='ocrx_word' id='word_1_93' title='bbox 740 1407 844 1467; x_wconf 91' lang='lat' dir='ltr'>per</span> <span class='ocrx_word' id='word_1_94' title='bbox 893 1385 1291 1446; x_wconf 85' lang='lat' dir='ltr'>adulationem</span> <span class='ocrx_word' id='word_1_95' title='bbox 1339 1387 1562 1457; x_wconf 87' lang='lat' dir='ltr'>malim,</span> <span class='ocrx_word' id='word_1_96' title='bbox 1602 1388 1752 1447; x_wconf 88' lang='lat' dir='ltr'>citra</span> <span class='ocrx_word' id='word_1_97' title='bbox 1794 1405 2067 1465; x_wconf 85' lang='lat' dir='ltr'>magnam</span> <span class='ocrx_word' id='word_1_98' title='bbox 2110 1384 2535 1444; x_wconf 76' lang='lat' dir='ltr'>haesitationem</span> 
     </span>
     <span class='ocr_line' id='line_1_12' title="bbox 332 1482 2534 1564; baseline -0 -23"><span class='ocrx_word' id='word_1_99' title='bbox 332 1482 481 1543; x_wconf 90' lang='lat' dir='ltr'>illud</span> <span class='ocrx_word' id='word_1_100' title='bbox 505 1482 709 1543; x_wconf 83' lang='lat' dir='ltr'>videar</span> <span class='ocrx_word' id='word_1_101' title='bbox 748 1483 1056 1544; x_wconf 87' lang='lat' dir='ltr'>electurus.</span> <span class='ocrx_word' id='word_1_102' title='bbox 1142 1483 1357 1564; x_wconf 84' lang='lat' dir='ltr'>Itaque</span> <span class='ocrx_word' id='word_1_103' title='bbox 1396 1504 1603 1545; x_wconf 86' lang='lat' dir='ltr'>secura</span> <span class='ocrx_word' id='word_1_104' title='bbox 1642 1485 1793 1543; x_wconf 86' lang='lat' dir='ltr'>hanc</span> <span class='ocrx_word' id='word_1_105' title='bbox 1819 1484 1878 1543; x_wconf 90' lang='lat' dir='ltr'>in</span> <span class='ocrx_word' id='word_1_106' title='bbox 1906 1493 2131 1563; x_wconf 89' lang='lat' dir='ltr'>partem</span> <span class='ocrx_word' id='word_1_107' title='bbox 2158 1482 2396 1562; x_wconf 86' lang='lat' dir='ltr'>peccari</span> <span class='ocrx_word' id='word_1_108' title='bbox 2420 1501 2534 1540; x_wconf 91' lang='lat' dir='ltr'>non</span> 
     </span>
     <span class='ocr_line' id='line_1_13' title="bbox 332 1579 2536 1661; baseline -0.002 -20"><span class='ocrx_word' id='word_1_109' title='bbox 332 1600 523 1661; x_wconf 83' lang='lat' dir='ltr'>posse,</span> <span class='ocrx_word' id='word_1_110' title='bbox 549 1599 623 1640; x_wconf 91' lang='lat' dir='ltr'>ne</span> <span class='ocrx_word' id='word_1_111' title='bbox 648 1581 975 1641; x_wconf 78' lang='lat' dir='ltr'>intercedas</span> <span class='ocrx_word' id='word_1_112' title='bbox 1004 1580 1294 1642; x_wconf 85' lang='lat' dir='ltr'>desiderio</span> <span class='ocrx_word' id='word_1_113' title='bbox 1330 1601 1477 1641; x_wconf 91' lang='lat' dir='ltr'>meo.</span> <span class='ocrx_word' id='word_1_114' title='bbox 1565 1580 1771 1641; x_wconf 79' lang='lat' dir='ltr'>Liceat</span> <span class='ocrx_word' id='word_1_115' title='bbox 1795 1579 1965 1640; x_wconf 80' lang='lat' dir='ltr'>fateri</span> <span class='ocrx_word' id='word_1_116' title='bbox 1990 1599 2122 1660; x_wconf 83' lang='lat' dir='ltr'>quae</span> <span class='ocrx_word' id='word_1_117' title='bbox 2150 1580 2426 1659; x_wconf 89' lang='lat' dir='ltr'>patimur,</span> <span class='ocrx_word' id='word_1_118' title='bbox 2453 1587 2536 1646; x_wconf 89' lang='lat' dir='ltr'>et,</span> 
     </span>
     <span class='ocr_line' id='line_1_14' title="bbox 334 1674 2541 1759; baseline -0.001 -22"><span class='ocrx_word' id='word_1_119' title='bbox 334 1677 385 1736; x_wconf 83' lang='lat' dir='ltr'>si</span> <span class='ocrx_word' id='word_1_120' title='bbox 407 1679 648 1738; x_wconf 86' lang='lat' dir='ltr'>miseros</span> <span class='ocrx_word' id='word_1_121' title='bbox 671 1678 1010 1758; x_wconf 88' lang='lat' dir='ltr'>plerumque</span> <span class='ocrx_word' id='word_1_122' title='bbox 1039 1698 1211 1739; x_wconf 89' lang='lat' dir='ltr'>nemo</span> <span class='ocrx_word' id='word_1_123' title='bbox 1245 1681 1410 1759; x_wconf 87' lang='lat' dir='ltr'>queri</span> <span class='ocrx_word' id='word_1_124' title='bbox 1436 1688 1622 1751; x_wconf 82' lang='lat' dir='ltr'>vetat,</span> <span class='ocrx_word' id='word_1_125' title='bbox 1648 1699 1752 1739; x_wconf 90' lang='lat' dir='ltr'>cur</span> <span class='ocrx_word' id='word_1_126' title='bbox 1784 1699 1891 1739; x_wconf 84' lang='lat' dir='ltr'>nos</span> <span class='ocrx_word' id='word_1_127' title='bbox 1911 1677 2001 1737; x_wconf 90' lang='lat' dir='ltr'>Te</span> <span class='ocrx_word' id='word_1_128' title='bbox 2035 1676 2315 1757; x_wconf 89' lang='lat' dir='ltr'>Principe</span> <span class='ocrx_word' id='word_1_129' title='bbox 2338 1674 2541 1735; x_wconf 82' lang='lat' dir='ltr'>felices</span> 
     </span>
     <span class='ocr_line' id='line_1_15' title="bbox 334 1772 2540 1853; baseline -0 -22"><span class='ocrx_word' id='word_1_130' title='bbox 334 1783 500 1834; x_wconf 79' lang='lat' dir='ltr'>vetes</span> <span class='ocrx_word' id='word_1_131' title='bbox 552 1773 813 1835; x_wconf 80' lang='lat' dir='ltr'>modeste</span> <span class='ocrx_word' id='word_1_132' title='bbox 866 1774 1101 1853; x_wconf 89' lang='lat' dir='ltr'>gloriari</span> <span class='ocrx_word' id='word_1_133' title='bbox 1120 1776 1146 1833; x_wconf 66' lang='grc' dir='ltr'>’.Ρ</span> <span class='ocrx_word' id='word_1_134' title='bbox 1230 1775 1441 1836; x_wconf 88' lang='lat' dir='ltr'>Perire</span> <span class='ocrx_word' id='word_1_135' title='bbox 1494 1786 1653 1836; x_wconf 88' lang='lat' dir='ltr'>certe</span> <span class='ocrx_word' id='word_1_136' title='bbox 1691 1796 1807 1836; x_wconf 89' lang='lat' dir='ltr'>non</span> <span class='ocrx_word' id='word_1_137' title='bbox 1849 1774 2028 1835; x_wconf 87' lang='lat' dir='ltr'>debet</span> <span class='ocrx_word' id='word_1_138' title='bbox 2067 1784 2172 1833; x_wconf 92' lang='lat' dir='ltr'>aut</span> <span class='ocrx_word' id='word_1_139' title='bbox 2208 1772 2347 1832; x_wconf 87' lang='lat' dir='ltr'>Tibi</span> <span class='ocrx_word' id='word_1_140' title='bbox 2384 1781 2540 1832; x_wconf 90' lang='lat' dir='ltr'>recte</span> 
     </span>
     <span class='ocr_line' id='line_1_16' title="bbox 336 1868 2542 1952; baseline 0.001 -25"><span class='ocrx_word' id='word_1_141' title='bbox 336 1868 628 1930; x_wconf 84' lang='lat' dir='ltr'>factorum</span> <span class='ocrx_word' id='word_1_142' title='bbox 689 1870 820 1931; x_wconf 90' lang='lat' dir='ltr'>sola</span> <span class='ocrx_word' id='word_1_143' title='bbox 886 1890 1133 1943; x_wconf 85' lang='lat' dir='ltr'>merces,</span> <span class='ocrx_word' id='word_1_144' title='bbox 1187 1882 1293 1932; x_wconf 92' lang='lat' dir='ltr'>aut</span> <span class='ocrx_word' id='word_1_145' title='bbox 1341 1874 1509 1933; x_wconf 87' lang='lat' dir='ltr'>nobis</span> <span class='ocrx_word' id='word_1_146' title='bbox 1556 1874 1706 1952; x_wconf 86' lang='lat' dir='ltr'>grati</span> <span class='ocrx_word' id='word_1_147' title='bbox 1758 1874 1938 1933; x_wconf 89' lang='lat' dir='ltr'>animi</span> <span class='ocrx_word' id='word_1_148' title='bbox 1987 1871 2229 1932; x_wconf 78' lang='lat' dir='ltr'>fructus.</span> <span class='ocrx_word' id='word_1_149' title='bbox 2316 1870 2542 1931; x_wconf 87' lang='lat' dir='ltr'>Iterum</span> 
     </span>
     <span class='ocr_line' id='line_1_17' title="bbox 337 1965 2541 2052; baseline 0 -27"><span class='ocrx_word' id='word_1_150' title='bbox 337 1967 657 2046; x_wconf 82' lang='lat' dir='ltr'>accipimus</span> <span class='ocrx_word' id='word_1_151' title='bbox 696 1967 1002 2039; x_wconf 86' lang='lat' dir='ltr'>beneficia,</span> <span class='ocrx_word' id='word_1_152' title='bbox 1044 1968 1186 2029; x_wconf 88' lang='lat' dir='ltr'>dum</span> <span class='ocrx_word' id='word_1_153' title='bbox 1232 1980 1481 2052; x_wconf 87' lang='lat' dir='ltr'>accepta</span> <span class='ocrx_word' id='word_1_154' title='bbox 1523 1970 1931 2051; x_wconf 67' lang='lat' dir='ltr'>praedicamus.</span> <span class='ocrx_word' id='word_1_155' title='bbox 2014 1968 2136 2029; x_wconf 78' lang='lat' dir='ltr'>Sed</span> <span class='ocrx_word' id='word_1_156' title='bbox 2179 1967 2352 2028; x_wconf 84' lang='lat' dir='ltr'>video</span> <span class='ocrx_word' id='word_1_157' title='bbox 2398 1965 2541 2047; x_wconf 88' lang='lat' dir='ltr'>quid</span> 
     </span>
     <span class='ocr_line' id='line_1_18' title="bbox 338 2062 2540 2148; baseline 0 -27"><span class='ocrx_word' id='word_1_158' title='bbox 338 2062 607 2122; x_wconf 83' lang='lat' dir='ltr'>accidat:</span> <span class='ocrx_word' id='word_1_159' title='bbox 651 2062 793 2123; x_wconf 89' lang='lat' dir='ltr'>dum</span> <span class='ocrx_word' id='word_1_160' title='bbox 832 2065 1077 2144; x_wconf 85' lang='lat' dir='ltr'>impetro</span> <span class='ocrx_word' id='word_1_161' title='bbox 1116 2066 1410 2127; x_wconf 85' lang='lat' dir='ltr'>scribendi</span> <span class='ocrx_word' id='word_1_162' title='bbox 1443 2068 1701 2139; x_wconf 84' lang='lat' dir='ltr'>veniam,</span> <span class='ocrx_word' id='word_1_163' title='bbox 1730 2068 1937 2127; x_wconf 76' lang='lat' dir='ltr'>amitto</span> <span class='ocrx_word' id='word_1_164' title='bbox 1960 2067 2215 2148; x_wconf 88' lang='lat' dir='ltr'>spatium</span> <span class='ocrx_word' id='word_1_165' title='bbox 2238 2074 2302 2125; x_wconf 89' lang='lat' dir='ltr'>et</span> <span class='ocrx_word' id='word_1_166' title='bbox 2327 2064 2540 2123; x_wconf 89' lang='lat' dir='ltr'>locum.</span> 
     </span>
     <span class='ocr_line' id='line_1_19' title="bbox 339 2158 2542 2244; baseline -0.004 -18"><span class='ocrx_word' id='word_1_167' title='bbox 339 2158 524 2226; x_wconf 81' lang='lat' dir='ltr'>Quod</span> <span class='ocrx_word' id='word_1_168' title='bbox 564 2161 740 2238; x_wconf 84' lang='lat' dir='ltr'>igitur</span> <span class='ocrx_word' id='word_1_169' title='bbox 780 2180 959 2221; x_wconf 88' lang='lat' dir='ltr'>unum</span> <span class='ocrx_word' id='word_1_170' title='bbox 991 2173 1274 2243; x_wconf 81' lang='lat' dir='ltr'>superest,</span> <span class='ocrx_word' id='word_1_171' title='bbox 1304 2163 1585 2244; x_wconf 89' lang='lat' dir='ltr'>quicquid</span> <span class='ocrx_word' id='word_1_172' title='bbox 1617 2183 1776 2225; x_wconf 89' lang='lat' dir='ltr'>eram</span> <span class='ocrx_word' id='word_1_173' title='bbox 1809 2162 2159 2244; x_wconf 86' lang='lat' dir='ltr'>prolaturus,</span> <span class='ocrx_word' id='word_1_174' title='bbox 2188 2162 2250 2222; x_wconf 89' lang='lat' dir='ltr'>id</span> <span class='ocrx_word' id='word_1_175' title='bbox 2282 2180 2455 2221; x_wconf 90' lang='lat' dir='ltr'>omne</span> <span class='ocrx_word' id='word_1_176' title='bbox 2484 2160 2542 2218; x_wconf 89' lang='lat' dir='ltr'>in</span> 
     </span>
     <span class='ocr_line' id='line_1_20' title="bbox 337 2258 2542 2342; baseline 0 -26"><span class='ocrx_word' id='word_1_177' title='bbox 337 2274 559 2335; x_wconf 81' lang='lat' dir='ltr'>paucas</span> <span class='ocrx_word' id='word_1_178' title='bbox 602 2258 869 2338; x_wconf 87' lang='lat' dir='ltr'>periodos</span> <span class='ocrx_word' id='word_1_179' title='bbox 907 2277 1240 2337; x_wconf 83' lang='lat' dir='ltr'>congeram,</span> <span class='ocrx_word' id='word_1_180' title='bbox 1282 2279 1360 2320; x_wconf 83' lang='lat' dir='ltr'>ex</span> <span class='ocrx_word' id='word_1_181' title='bbox 1402 2280 1755 2342; x_wconf 89' lang='lat' dir='ltr'>unoquoque</span> <span class='ocrx_word' id='word_1_182' title='bbox 1797 2278 2007 2339; x_wconf 80' lang='lat' dir='ltr'>genere</span> <span class='ocrx_word' id='word_1_183' title='bbox 2046 2279 2273 2319; x_wconf 86' lang='lat' dir='ltr'>summa</span> <span class='ocrx_word' id='word_1_184' title='bbox 2315 2266 2542 2317; x_wconf 88' lang='lat' dir='ltr'>tantum</span> 
     </span>
     <span class='ocr_line' id='line_1_21' title="bbox 337 2353 2545 2436; baseline 0.002 -24"><span class='ocrx_word' id='word_1_185' title='bbox 337 2353 538 2434; x_wconf 75' lang='lat' dir='ltr'>capita</span> <span class='ocrx_word' id='word_1_186' title='bbox 577 2353 917 2415; x_wconf 85' lang='lat' dir='ltr'>delibando.</span> <span class='ocrx_word' id='word_1_187' title='bbox 1003 2355 1166 2434; x_wconf 86' lang='lat' dir='ltr'>Ergo</span> <span class='ocrx_word' id='word_1_188' title='bbox 1205 2356 1364 2436; x_wconf 91' lang='lat' dir='ltr'>quod</span> <span class='ocrx_word' id='word_1_189' title='bbox 1403 2357 1481 2418; x_wconf 91' lang='lat' dir='ltr'>ad</span> <span class='ocrx_word' id='word_1_190' title='bbox 1525 2359 1769 2419; x_wconf 81' lang='lat' dir='ltr'>virtutes</span> <span class='ocrx_word' id='word_1_191' title='bbox 1810 2357 1945 2418; x_wconf 88' lang='lat' dir='ltr'>illas</span> <span class='ocrx_word' id='word_1_192' title='bbox 1972 2357 2156 2430; x_wconf 88' lang='lat' dir='ltr'>Tuas,</span> <span class='ocrx_word' id='word_1_193' title='bbox 2185 2357 2398 2436; x_wconf 82' lang='lat' dir='ltr'>quibus</span> <span class='ocrx_word' id='word_1_194' title='bbox 2433 2354 2545 2416; x_wconf 85' lang='lat' dir='ltr'>hoc</span> 
     </span>
     <span class='ocr_line' id='line_1_22' title="bbox 338 2447 2547 2532; baseline 0.001 -25"><span class='ocrx_word' id='word_1_195' title='bbox 338 2447 645 2531; x_wconf 85' lang='lat' dir='ltr'>imperium</span> <span class='ocrx_word' id='word_1_196' title='bbox 674 2451 981 2530; x_wconf 84' lang='lat' dir='ltr'>magnifice</span> <span class='ocrx_word' id='word_1_197' title='bbox 1008 2452 1348 2525; x_wconf 86' lang='lat' dir='ltr'>illustratur,</span> <span class='ocrx_word' id='word_1_198' title='bbox 1376 2456 1607 2526; x_wconf 81' lang='lat' dir='ltr'>attinet,</span> <span class='ocrx_word' id='word_1_199' title='bbox 1636 2465 1703 2515; x_wconf 89' lang='lat' dir='ltr'>ut</span> <span class='ocrx_word' id='word_1_200' title='bbox 1724 2450 1977 2516; x_wconf 81' lang='lat' dir='ltr'>breviter</span> <span class='ocrx_word' id='word_1_201' title='bbox 2001 2453 2076 2513; x_wconf 90' lang='lat' dir='ltr'>de</span> <span class='ocrx_word' id='word_1_202' title='bbox 2102 2455 2174 2513; x_wconf 91' lang='lat' dir='ltr'>iis</span> <span class='ocrx_word' id='word_1_203' title='bbox 2200 2472 2332 2532; x_wconf 82' lang='lat' dir='ltr'>quae</span> <span class='ocrx_word' id='word_1_204' title='bbox 2358 2452 2547 2511; x_wconf 89' lang='lat' dir='ltr'>sentio</span> 
     </span>
     <span class='ocr_line' id='line_1_23' title="bbox 339 2544 2549 2628; baseline 0 -23"><span class='ocrx_word' id='word_1_205' title='bbox 339 2544 753 2619; x_wconf 80' lang='lat' dir='ltr'>demonstrem,</span> <span class='ocrx_word' id='word_1_206' title='bbox 776 2548 1001 2628; x_wconf 88' lang='lat' dir='ltr'>aliquid</span> <span class='ocrx_word' id='word_1_207' title='bbox 1033 2570 1072 2610; x_wconf 95' lang='lat' dir='ltr'>a</span> <span class='ocrx_word' id='word_1_208' title='bbox 1104 2550 1317 2611; x_wconf 91' lang='lat' dir='ltr'>Tacito</span> <span class='ocrx_word' id='word_1_209' title='bbox 1348 2560 1546 2612; x_wconf 87' lang='lat' dir='ltr'>nostro</span> <span class='ocrx_word' id='word_1_210' title='bbox 1577 2550 1961 2611; x_wconf 87' lang='lat' dir='ltr'>mutuandum</span> <span class='ocrx_word' id='word_1_211' title='bbox 1992 2568 2117 2609; x_wconf 88' lang='lat' dir='ltr'>esse</span> <span class='ocrx_word' id='word_1_212' title='bbox 2141 2548 2331 2609; x_wconf 82' lang='lat' dir='ltr'>video.</span> <span class='ocrx_word' id='word_1_213' title='bbox 2417 2546 2549 2606; x_wconf 87' lang='lat' dir='ltr'>Scis</span> 
     </span>
     <span class='ocr_line' id='line_1_24' title="bbox 341 2641 2548 2725; baseline 0 -26"><span class='ocrx_word' id='word_1_214' title='bbox 341 2641 500 2721; x_wconf 85' lang='lat' dir='ltr'>apud</span> <span class='ocrx_word' id='word_1_215' title='bbox 542 2642 709 2704; x_wconf 87' lang='lat' dir='ltr'>illum</span> <span class='ocrx_word' id='word_1_216' title='bbox 752 2654 1050 2706; x_wconf 86' lang='lat' dir='ltr'>auctorem</span> <span class='ocrx_word' id='word_1_217' title='bbox 1097 2645 1174 2707; x_wconf 79' lang='lat' dir='ltr'>C.</span> <span class='ocrx_word' id='word_1_218' title='bbox 1205 2646 1504 2707; x_wconf 75' lang='lat' dir='ltr'>Caesarem</span> <span class='ocrx_word' id='word_1_219' title='bbox 1548 2668 1586 2707; x_wconf 90' lang='lat' dir='ltr'>a</span> <span class='ocrx_word' id='word_1_220' title='bbox 1626 2646 1865 2707; x_wconf 88' lang='lat' dir='ltr'>Tiberio</span> <span class='ocrx_word' id='word_1_221' title='bbox 1888 2644 2214 2725; x_wconf 81' lang='lat' dir='ltr'>increpari,</span> <span class='ocrx_word' id='word_1_222' title='bbox 2240 2643 2407 2723; x_wconf 85' lang='lat' dir='ltr'>quasi</span> <span class='ocrx_word' id='word_1_223' title='bbox 2446 2642 2548 2722; x_wconf 91' lang='lat' dir='ltr'>qui</span> 
     </span>
     <span class='ocr_line' id='line_1_25' title="bbox 342 2737 2550 2823; baseline 0.001 -25"><span class='ocrx_word' id='word_1_224' title='bbox 342 2737 565 2799; x_wconf 85' lang='lat' dir='ltr'>nullam</span> <span class='ocrx_word' id='word_1_225' title='bbox 592 2761 671 2801; x_wconf 83' lang='lat' dir='ltr'>ex</span> <span class='ocrx_word' id='word_1_226' title='bbox 699 2742 770 2802; x_wconf 90' lang='lat' dir='ltr'>L.</span> <span class='ocrx_word' id='word_1_227' title='bbox 801 2741 989 2823; x_wconf 78' lang='lat' dir='ltr'>Syllae</span> <span class='ocrx_word' id='word_1_228' title='bbox 1025 2744 1336 2805; x_wconf 80' lang='lat' dir='ltr'>virtutibus</span> <span class='ocrx_word' id='word_1_229' title='bbox 1358 2755 1511 2805; x_wconf 88' lang='lat' dir='ltr'>esset</span> <span class='ocrx_word' id='word_1_230' title='bbox 1535 2745 1857 2815; x_wconf 73' lang='lat' dir='ltr'>habitui-ua,</span> <span class='ocrx_word' id='word_1_231' title='bbox 1884 2754 1947 2804; x_wconf 88' lang='lat' dir='ltr'>et</span> <span class='ocrx_word' id='word_1_232' title='bbox 1969 2742 2170 2803; x_wconf 89' lang='lat' dir='ltr'>omnia</span> <span class='ocrx_word' id='word_1_233' title='bbox 2190 2741 2355 2801; x_wconf 82' lang='lat' dir='ltr'>vitia.</span> <span class='ocrx_word' id='word_1_234' title='bbox 2416 2739 2550 2818; x_wconf 87' lang='lat' dir='ltr'>Ego</span> 
     </span>
     <span class='ocr_line' id='line_1_26' title="bbox 341 2836 2550 2924; baseline 0.002 -30"><span class='ocrx_word' id='word_1_235' title='bbox 341 2855 478 2895; x_wconf 78' lang='lat' dir='ltr'>vere</span> <span class='ocrx_word' id='word_1_236' title='bbox 516 2847 662 2917; x_wconf 86' lang='lat' dir='ltr'>puto</span> <span class='ocrx_word' id='word_1_237' title='bbox 700 2839 759 2898; x_wconf 89' lang='lat' dir='ltr'>in</span> <span class='ocrx_word' id='word_1_238' title='bbox 800 2839 890 2900; x_wconf 90' lang='lat' dir='ltr'>Te</span> <span class='ocrx_word' id='word_1_239' title='bbox 928 2840 1039 2901; x_wconf 84' lang='lat' dir='ltr'>boc</span> <span class='ocrx_word' id='word_1_240' title='bbox 1074 2841 1284 2902; x_wconf 82' lang='lat' dir='ltr'>inverti</span> <span class='ocrx_word' id='word_1_241' title='bbox 1325 2864 1517 2924; x_wconf 77' lang='lat' dir='ltr'>posse,</span> <span class='ocrx_word' id='word_1_242' title='bbox 1545 2851 1612 2904; x_wconf 90' lang='lat' dir='ltr'>ut</span> <span class='ocrx_word' id='word_1_243' title='bbox 1634 2862 1835 2904; x_wconf 88' lang='lat' dir='ltr'>omnes</span> <span class='ocrx_word' id='word_1_244' title='bbox 1874 2840 2363 2923; x_wconf 81' lang='lat' dir='ltr'>praedecessomm</span> <span class='ocrx_word' id='word_1_245' title='bbox 2387 2836 2550 2898; x_wconf 86' lang='lat' dir='ltr'>Tuo-</span> 
     </span>
     <span class='ocr_line' id='line_1_27' title="bbox 345 2933 2553 3019; baseline 0.001 -28"><span class='ocrx_word' id='word_1_246' title='bbox 345 2951 471 2990; x_wconf 86' lang='lat' dir='ltr'>rum</span> <span class='ocrx_word' id='word_1_247' title='bbox 496 2933 719 2994; x_wconf 85' lang='lat' dir='ltr'>babeas</span> <span class='ocrx_word' id='word_1_248' title='bbox 741 2936 1004 3009; x_wconf 83' lang='lat' dir='ltr'>virtutes,</span> <span class='ocrx_word' id='word_1_249' title='bbox 1033 2938 1212 3010; x_wconf 89' lang='lat' dir='ltr'>vitiis,</span> <span class='ocrx_word' id='word_1_250' title='bbox 1239 2940 1290 2998; x_wconf 87' lang='lat' dir='ltr'>si</span> <span class='ocrx_word' id='word_1_251' title='bbox 1330 2959 1465 3019; x_wconf 78' lang='lat' dir='ltr'>quae</span> <span class='ocrx_word' id='word_1_252' title='bbox 1502 2939 1760 3010; x_wconf 79' lang='lat' dir='ltr'>fuerunt,</span> <span class='ocrx_word' id='word_1_253' title='bbox 1799 2939 2049 3007; x_wconf 82' lang='lat' dir='ltr'>relictis;</span> <span class='ocrx_word' id='word_1_254' title='bbox 2095 2946 2272 3017; x_wconf 81' lang='lat' dir='ltr'>atque</span> <span class='ocrx_word' id='word_1_255' title='bbox 2308 2935 2459 2996; x_wconf 90' lang='lat' dir='ltr'>adeo</span> <span class='ocrx_word' id='word_1_256' title='bbox 2485 2944 2553 2994; x_wconf 87' lang='lat' dir='ltr'>ut</span> 
     </span>
     <span class='ocr_line' id='line_1_28' title="bbox 346 3029 2554 3115; baseline 0.002 -27"><span class='ocrx_word' id='word_1_257' title='bbox 346 3029 589 3107; x_wconf 77' lang='lat' dir='ltr'>pristina</span> <span class='ocrx_word' id='word_1_258' title='bbox 615 3030 843 3091; x_wconf 90' lang='lat' dir='ltr'>illarum</span> <span class='ocrx_word' id='word_1_259' title='bbox 869 3033 1085 3094; x_wconf 87' lang='lat' dir='ltr'>decora</span> <span class='ocrx_word' id='word_1_260' title='bbox 1110 3034 1276 3095; x_wconf 79' lang='lat' dir='ltr'>novis</span> <span class='ocrx_word' id='word_1_261' title='bbox 1300 3045 1363 3096; x_wconf 89' lang='lat' dir='ltr'>et</span> <span class='ocrx_word' id='word_1_262' title='bbox 1387 3037 1638 3098; x_wconf 78' lang='lat' dir='ltr'>antebac</span> <span class='ocrx_word' id='word_1_263' title='bbox 1664 3056 1844 3115; x_wconf 90' lang='lat' dir='ltr'>regno</span> <span class='ocrx_word' id='word_1_264' title='bbox 1870 3036 2006 3096; x_wconf 90' lang='lat' dir='ltr'>huic</span> <span class='ocrx_word' id='word_1_265' title='bbox 2038 3034 2347 3113; x_wconf 83' lang='lat' dir='ltr'>incognitis</span> <span class='ocrx_word' id='word_1_266' title='bbox 2370 3034 2554 3093; x_wconf 81' lang='lat' dir='ltr'>virtu-</span> 
     </span>
     <span class='ocr_line' id='line_1_29' title="bbox 346 3124 2549 3213; baseline 0.002 -28"><span class='ocrx_word' id='word_1_267' title='bbox 346 3124 502 3186; x_wconf 87' lang='lat' dir='ltr'>tibus</span> <span class='ocrx_word' id='word_1_268' title='bbox 526 3147 764 3206; x_wconf 85' lang='lat' dir='ltr'>augeas.</span> <span class='ocrx_word' id='word_1_269' title='bbox 848 3130 1143 3211; x_wconf 83' lang='lat' dir='ltr'>Equidem</span> <span class='ocrx_word' id='word_1_270' title='bbox 1170 3133 1458 3213; x_wconf 80' lang='lat' dir='ltr'>prioribus</span> <span class='ocrx_word' id='word_1_271' title='bbox 1495 3135 1676 3195; x_wconf 84' lang='lat' dir='ltr'>etiam</span> <span class='ocrx_word' id='word_1_272' title='bbox 1715 3132 1946 3193; x_wconf 74' lang='lat' dir='ltr'>saeculis</span> <span class='ocrx_word' id='word_1_273' title='bbox 1983 3151 2098 3193; x_wconf 90' lang='lat' dir='ltr'>non</span> <span class='ocrx_word' id='word_1_274' title='bbox 2124 3130 2375 3191; x_wconf 81' lang='lat' dir='ltr'>defuisse</span> <span class='ocrx_word' id='word_1_275' title='bbox 2401 3149 2549 3211; x_wconf 80' lang='lat' dir='ltr'>prae·</span> 
     </span>
     <span class='ocr_line' id='line_1_30' title="bbox 347 3221 2550 3309; baseline 0.002 -28"><span class='ocrx_word' id='word_1_276' title='bbox 347 3221 538 3282; x_wconf 83' lang='lat' dir='ltr'>claros</span> <span class='ocrx_word' id='word_1_277' title='bbox 564 3223 769 3304; x_wconf 83' lang='lat' dir='ltr'>Reges</span> <span class='ocrx_word' id='word_1_278' title='bbox 792 3226 1073 3287; x_wconf 85' lang='lat' dir='ltr'>arbitror:</span> <span class='ocrx_word' id='word_1_279' title='bbox 1131 3229 1235 3288; x_wconf 87' lang='lat' dir='ltr'>sed</span> <span class='ocrx_word' id='word_1_280' title='bbox 1281 3238 1479 3289; x_wconf 85' lang='lat' dir='ltr'>tamen</span> <span class='ocrx_word' id='word_1_281' title='bbox 1516 3230 1714 3290; x_wconf 85' lang='lat' dir='ltr'>nescio</span> <span class='ocrx_word' id='word_1_282' title='bbox 1754 3227 2049 3309; x_wconf 91' lang='lat' dir='ltr'>quomodo</span> <span class='ocrx_word' id='word_1_283' title='bbox 2090 3248 2211 3287; x_wconf 90' lang='lat' dir='ltr'>rem</span> <span class='ocrx_word' id='word_1_284' title='bbox 2250 3225 2550 3286; x_wconf 88' lang='lat' dir='ltr'>Sueticam</span> 
     </span>
     <span class='ocr_line' id='line_1_31' title="bbox 350 3322 2554 3406; baseline 0.002 -27"><span class='ocrx_word' id='word_1_285' title='bbox 350 3338 647 3399; x_wconf 85' lang='lat' dir='ltr'>nunquam</span> <span class='ocrx_word' id='word_1_286' title='bbox 673 3322 751 3382; x_wconf 92' lang='lat' dir='ltr'>ad</span> <span class='ocrx_word' id='word_1_287' title='bbox 790 3322 1082 3384; x_wconf 87' lang='lat' dir='ltr'>celebrem</span> <span class='ocrx_word' id='word_1_288' title='bbox 1123 3324 1382 3406; x_wconf 85' lang='lat' dir='ltr'>aliquam</span> <span class='ocrx_word' id='word_1_289' title='bbox 1424 3326 1826 3388; x_wconf 81' lang='lat' dir='ltr'>durabilemve</span> <span class='ocrx_word' id='word_1_290' title='bbox 1852 3323 2312 3404; x_wconf 85' lang='lat' dir='ltr'>magnitudinem</span> <span class='ocrx_word' id='word_1_291' title='bbox 2337 3343 2554 3384; x_wconf 81' lang='lat' dir='ltr'>evexe-</span> 
     </span>
     <span class='ocr_line' id='line_1_32' title="bbox 348 3418 2554 3505; baseline 0.001 -28"><span class='ocrx_word' id='word_1_292' title='bbox 348 3426 500 3478; x_wconf 85' lang='lat' dir='ltr'>runt.</span> <span class='ocrx_word' id='word_1_293' title='bbox 586 3418 744 3479; x_wconf 89' lang='lat' dir='ltr'>Laus</span> <span class='ocrx_word' id='word_1_294' title='bbox 784 3420 896 3480; x_wconf 87' lang='lat' dir='ltr'>ista</span> <span class='ocrx_word' id='word_1_295' title='bbox 942 3431 1071 3481; x_wconf 90' lang='lat' dir='ltr'>tota</span> <span class='ocrx_word' id='word_1_296' title='bbox 1113 3422 1705 3485; x_wconf 75' lang='lat' dir='ltr'>GusTAvaRuM</span> <span class='ocrx_word' id='word_1_297' title='bbox 1758 3433 1869 3495; x_wconf 80' lang='lat' dir='ltr'>est,</span> <span class='ocrx_word' id='word_1_298' title='bbox 1912 3442 2159 3505; x_wconf 87' lang='lat' dir='ltr'>quorum</span> <span class='ocrx_word' id='word_1_299' title='bbox 2212 3441 2384 3481; x_wconf 90' lang='lat' dir='ltr'>nemo</span> <span class='ocrx_word' id='word_1_300' title='bbox 2428 3422 2554 3481; x_wconf 90' lang='lat' dir='ltr'>sine</span> 
     </span>
     <span class='ocr_line' id='line_1_33' title="bbox 350 3512 2552 3599; baseline 0.002 -25"><span class='ocrx_word' id='word_1_301' title='bbox 350 3512 568 3593; x_wconf 80' lang='lat' dir='ltr'>ingenti</span> <span class='ocrx_word' id='word_1_302' title='bbox 597 3514 800 3596; x_wconf 88' lang='lat' dir='ltr'>aliqua</span> <span class='ocrx_word' id='word_1_303' title='bbox 838 3518 1044 3598; x_wconf 79' lang='lat' dir='ltr'>patriae</span> <span class='ocrx_word' id='word_1_304' title='bbox 1071 3519 1326 3580; x_wconf 89' lang='lat' dir='ltr'>utilitate</span> <span class='ocrx_word' id='word_1_305' title='bbox 1357 3522 1643 3599; x_wconf 75' lang='lat' dir='ltr'>regnavit,</span> <span class='ocrx_word' id='word_1_306' title='bbox 1730 3520 1898 3581; x_wconf 82' lang='lat' dir='ltr'>Nam</span> <span class='ocrx_word' id='word_1_307' title='bbox 1938 3529 2001 3581; x_wconf 92' lang='lat' dir='ltr'>et</span> <span class='ocrx_word' id='word_1_308' title='bbox 2039 3539 2258 3580; x_wconf 88' lang='lat' dir='ltr'>errores</span> <span class='ocrx_word' id='word_1_309' title='bbox 2281 3539 2552 3598; x_wconf 74' lang='lat' dir='ltr'>‚quorun-</span> 
     </span>
     <span class='ocr_line' id='line_1_34' title="bbox 350 3607 2556 3699; baseline 0.002 -29"><span class='ocrx_word' id='word_1_310' title='bbox 350 3607 485 3671; x_wconf 78' lang='lat' dir='ltr'>dam</span> <span class='ocrx_word' id='word_1_311' title='bbox 540 3611 913 3692; x_wconf 79' lang='lat' dir='ltr'>profuerunt:</span> <span class='ocrx_word' id='word_1_312' title='bbox 982 3615 1261 3696; x_wconf 86' lang='lat' dir='ltr'>Ericique</span> <span class='ocrx_word' id='word_1_313' title='bbox 1311 3628 1374 3678; x_wconf 88' lang='lat' dir='ltr'>et</span> <span class='ocrx_word' id='word_1_314' title='bbox 1423 3618 1784 3699; x_wconf 77' lang='lat' dir='ltr'>sigismundi</span> <span class='ocrx_word' id='word_1_315' title='bbox 1831 3636 2022 3691; x_wconf 78' lang='lat' dir='ltr'>casus,</span> <span class='ocrx_word' id='word_1_316' title='bbox 2065 3617 2211 3697; x_wconf 89' lang='lat' dir='ltr'>quid</span> <span class='ocrx_word' id='word_1_317' title='bbox 2260 3615 2556 3677; x_wconf 84' lang='lat' dir='ltr'>offendere</span> 
     </span>
     <span class='ocr_line' id='line_1_35' title="bbox 352 3705 2558 3797; baseline 0.001 -27"><span class='ocrx_word' id='word_1_318' title='bbox 352 3705 556 3787; x_wconf 79' lang='lat' dir='ltr'>Reges</span> <span class='ocrx_word' id='word_1_319' title='bbox 580 3711 822 3789; x_wconf 81' lang='lat' dir='ltr'>possint,</span> <span class='ocrx_word' id='word_1_320' title='bbox 858 3711 1214 3775; x_wconf 81' lang='lat' dir='ltr'>documento</span> <span class='ocrx_word' id='word_1_321' title='bbox 1252 3726 1389 3777; x_wconf 84' lang='lat' dir='ltr'>sunt</span> <span class='ocrx_word' id='word_1_322' title='bbox 1401 3737 1419 3786; x_wconf 83' lang='lat'>;</span> <span class='ocrx_word' id='word_1_323' title='bbox 1464 3716 1959 3797; x_wconf 84' lang='lat' dir='ltr'>quemadmodum</span> <span class='ocrx_word' id='word_1_324' title='bbox 1991 3725 2053 3775; x_wconf 84' lang='lat' dir='ltr'>et</span> <span class='ocrx_word' id='word_1_325' title='bbox 2077 3715 2246 3784; x_wconf 87' lang='lat' dir='ltr'>alios,</span> <span class='ocrx_word' id='word_1_326' title='bbox 2278 3733 2456 3793; x_wconf 89' lang='lat' dir='ltr'>quam</span> <span class='ocrx_word' id='word_1_327' title='bbox 2481 3714 2558 3773; x_wconf 87' lang='lat' dir='ltr'>sit</span> 
     </span>
     <span class='ocr_line' id='line_1_36' title="bbox 351 3805 2555 3893; baseline 0.002 -29"><span class='ocrx_word' id='word_1_328' title='bbox 351 3805 601 3866; x_wconf 84' lang='lat' dir='ltr'>intutum</span> <span class='ocrx_word' id='word_1_329' title='bbox 634 3808 917 3887; x_wconf 80' lang='lat' dir='ltr'>proritare</span> <span class='ocrx_word' id='word_1_330' title='bbox 951 3809 1253 3893; x_wconf 88' lang='lat' dir='ltr'>Principis</span> <span class='ocrx_word' id='word_1_331' title='bbox 1283 3813 1668 3885; x_wconf 86' lang='lat' dir='ltr'>iracundiam,</span> <span class='ocrx_word' id='word_1_332' title='bbox 1697 3813 1900 3874; x_wconf 83' lang='lat' dir='ltr'>Caroli</span> <span class='ocrx_word' id='word_1_333' title='bbox 1928 3813 2206 3873; x_wconf 82' lang='lat' dir='ltr'>severitas</span> <span class='ocrx_word' id='word_1_334' title='bbox 2231 3810 2555 3873; x_wconf 88' lang='lat' dir='ltr'>admonuit.</span> 
     </span>
     <span class='ocr_line' id='line_1_37' title="bbox 356 3898 2554 3987; baseline 0.002 -27"><span class='ocrx_word' id='word_1_335' title='bbox 356 3898 526 3961; x_wconf 84' lang='lat' dir='ltr'>Duos</span> <span class='ocrx_word' id='word_1_336' title='bbox 565 3923 707 3964; x_wconf 80' lang='lat' dir='ltr'>vero</span> <span class='ocrx_word' id='word_1_337' title='bbox 732 3903 1140 3979; x_wconf 74' lang='lat' dir='ltr'>GusTAVOS,</span> <span class='ocrx_word' id='word_1_338' title='bbox 1167 3920 1230 3969; x_wconf 89' lang='lat' dir='ltr'>et</span> <span class='ocrx_word' id='word_1_339' title='bbox 1264 3931 1465 3971; x_wconf 86' lang='lat' dir='ltr'>eorum</span> <span class='ocrx_word' id='word_1_340' title='bbox 1497 3910 1852 3971; x_wconf 87' lang='lat' dir='ltr'>immortalia</span> <span class='ocrx_word' id='word_1_341' title='bbox 1893 3908 2203 3979; x_wconf 88' lang='lat' dir='ltr'>beneficia,</span> <span class='ocrx_word' id='word_1_342' title='bbox 2231 3908 2362 3987; x_wconf 89' lang='lat' dir='ltr'>quis</span> <span class='ocrx_word' id='word_1_343' title='bbox 2392 3904 2554 3967; x_wconf 85' lang='lat' dir='ltr'>cala·</span> 
     </span>
     <span class='ocr_line' id='line_1_38' title="bbox 352 4000 2557 4089; baseline 0.002 -31"><span class='ocrx_word' id='word_1_344' title='bbox 352 4016 501 4070; x_wconf 84' lang='lat' dir='ltr'>mus,</span> <span class='ocrx_word' id='word_1_345' title='bbox 531 4010 636 4059; x_wconf 85' lang='lat' dir='ltr'>aut</span> <span class='ocrx_word' id='word_1_346' title='bbox 659 4021 794 4081; x_wconf 82' lang='lat' dir='ltr'>quae</span> <span class='ocrx_word' id='word_1_347' title='bbox 818 4004 1006 4068; x_wconf 87' lang='lat' dir='ltr'>oratio</span> <span class='ocrx_word' id='word_1_348' title='bbox 1031 4007 1173 4068; x_wconf 80' lang='lat' dir='ltr'>satis</span> <span class='ocrx_word' id='word_1_349' title='bbox 1204 4000 1504 4069; x_wconf 71' lang='lat' dir='ltr'>celebret?</span> <span class='ocrx_word' id='word_1_350' title='bbox 1546 4029 1791 4089; x_wconf 90' lang='lat' dir='ltr'>quorum</span> <span class='ocrx_word' id='word_1_351' title='bbox 1823 4017 2068 4088; x_wconf 80' lang='lat' dir='ltr'>uterque</span> <span class='ocrx_word' id='word_1_352' title='bbox 2101 4015 2299 4067; x_wconf 88' lang='lat' dir='ltr'>tantus</span> <span class='ocrx_word' id='word_1_353' title='bbox 2329 4004 2463 4075; x_wconf 83' lang='lat' dir='ltr'>fuit,</span> <span class='ocrx_word' id='word_1_354' title='bbox 2491 4012 2557 4062; x_wconf 91' lang='lat' dir='ltr'>ut</span> 
     </span>
     <span class='ocr_line' id='line_1_39' title="bbox 355 4094 2554 4185; baseline 0.001 -30"><span class='ocrx_word' id='word_1_355' title='bbox 355 4094 403 4151; x_wconf 75' lang='lat' dir='ltr'>si</span> <span class='ocrx_word' id='word_1_356' title='bbox 442 4114 577 4154; x_wconf 87' lang='lat' dir='ltr'>cum</span> <span class='ocrx_word' id='word_1_357' title='bbox 625 4096 756 4157; x_wconf 84' lang='lat' dir='ltr'>aliis</span> <span class='ocrx_word' id='word_1_358' title='bbox 801 4101 1145 4173; x_wconf 82' lang='lat' dir='ltr'>contendas,</span> <span class='ocrx_word' id='word_1_359' title='bbox 1192 4104 1368 4164; x_wconf 84' lang='lat' dir='ltr'>facile</span> <span class='ocrx_word' id='word_1_360' title='bbox 1410 4105 1688 4185; x_wconf 71' lang='lat' dir='ltr'>praeferas</span> <span class='ocrx_word' id='word_1_361' title='bbox 1703 4125 1721 4175; x_wconf 65' lang='grc' dir='ltr'><strong><em>ς</em></strong></span> <span class='ocrx_word' id='word_1_362' title='bbox 1780 4105 1868 4164; x_wconf 91' lang='lat' dir='ltr'>sin</span> <span class='ocrx_word' id='word_1_363' title='bbox 1917 4121 2222 4182; x_wconf 89' lang='lat' dir='ltr'>compares</span> <span class='ocrx_word' id='word_1_364' title='bbox 2272 4101 2422 4159; x_wconf 89' lang='lat' dir='ltr'>inter</span> <span class='ocrx_word' id='word_1_365' title='bbox 2470 4119 2554 4169; x_wconf 88' lang='lat' dir='ltr'>se,</span> 
     </span>
     <span class='ocr_line' id='line_1_40' title="bbox 356 4188 2560 4281; baseline 0.004 -32"><span class='ocrx_word' id='word_1_366' title='bbox 356 4188 587 4252; x_wconf 75' lang='lat' dir='ltr'>facilius</span> <span class='ocrx_word' id='word_1_367' title='bbox 609 4193 774 4256; x_wconf 86' lang='lat' dir='ltr'>dicas</span> <span class='ocrx_word' id='word_1_368' title='bbox 807 4206 871 4258; x_wconf 89' lang='lat' dir='ltr'>et</span> <span class='ocrx_word' id='word_1_369' title='bbox 912 4198 1066 4260; x_wconf 88' lang='lat' dir='ltr'>bunc</span> <span class='ocrx_word' id='word_1_370' title='bbox 1107 4210 1169 4262; x_wconf 89' lang='lat' dir='ltr'>et</span> <span class='ocrx_word' id='word_1_371' title='bbox 1208 4201 1372 4262; x_wconf 89' lang='lat' dir='ltr'>illum</span> <span class='ocrx_word' id='word_1_372' title='bbox 1417 4202 1594 4263; x_wconf 81' lang='lat' dir='ltr'>fuisse</span> <span class='ocrx_word' id='word_1_373' title='bbox 1635 4203 1979 4273; x_wconf 80' lang='lat' dir='ltr'>maximum,</span> <span class='ocrx_word' id='word_1_374' title='bbox 2007 4218 2184 4281; x_wconf 85' lang='lat' dir='ltr'>quam</span> <span class='ocrx_word' id='word_1_375' title='bbox 2219 4206 2347 4257; x_wconf 81' lang='lat' dir='ltr'>uter</span> <span class='ocrx_word' id='word_1_376' title='bbox 2372 4197 2560 4273; x_wconf 75' lang='lat' dir='ltr'>major</span> 
     </span>
    </p>
   </div>
  </div>
 </body>
</html>
