3025 4892
531 361 707 442 1754
1460 390 1534 442 r.
1584 391 1774 441 mvn
1856 373 1865 379 ’

533 540 760 606 adorta
793 542 1158 624 tempestas
1194 545 1316 615 est,
1364 549 1440 605 ut
1473 538 1752 626 Alpium
1791 541 2170 608 foeditatem
2214 559 2419 627 prope
2458 561 2719 627 supera·

533 644 731 709 verit.
792 643 1016 710 Vento
1038 644 1295 709 mixtus
1324 645 1536 710 imber
1562 664 1716 710 cum
1740 644 2020 711 serretur
2044 647 2114 711 in
2138 648 2289 730 ipsa
2313 665 2455 725 ora,
2485 649 2717 731 primo,

533 748 692 833 quia
725 753 842 834 aut
871 767 1051 813 arma
1084 746 1447 814 omittenda
1479 755 1686 825 erant,
1719 757 1839 814 aut
1869 757 2098 816 contra
2125 751 2448 814 enitentes
2471 752 2719 815 vortice

532 852 753 916 intorti
807 850 1302 934 affligebantur)
1355 853 1718 918 constitere
1743 876 1760 916 t
1808 853 1983 931 dein,
2036 873 2187 918 cnm
2224 852 2368 937 jam
2416 854 2717 938 spiritum

528 954 952 1032 includeret,²
982 974 1107 1019 nec
1127 953 1539 1039 reciprocare
1568 956 1857 1020 animam
1874 968 1897 995 ⁶
1927 957 2193 1036 sineret,
2225 958 2439 1022 aversi
2462 975 2504 1022 a
2529 961 2718 1022 vento

527 1077 888 1143 parumper
917 1057 1306 1123 consedere.
1392 1059 1565 1124 Tum
1601 1078 1755 1123 vero
1801 1060 2047 1143 ingenti
2075 1080 2247 1125 sono
2276 1059 2527 1126 coelum
2558 1069 2720 1125 stre-

528 1181 716 1246 pere,
755 1170 826 1226 et
864 1161 1030 1225 inter
1057 1160 1429 1228 horrendos
1477 1161 1771 1245 fragores
1801 1165 2053 1228 micare
2084 1163 2287 1247 ignes.
2354 1161 2580 1247 'Capti
2608 1183 2720 1228 an-

524 1266 710 1330 ribus
738 1273 807 1330 et
838 1265 1060 1330 oculis
1083 1271 1262 1331 metu
1286 1285 1513 1331 omnes
1540 1249 1826 1351 torperess
1895 1267 2220 1345 Tandem,
2252 1266 2468 1332 effuso
2493 1268 2718 1344 imbre,

525 1388 677 1433 cum
709 1389 793 1434 eo
824 1370 1033 1451 magis
1064 1388 1350 1433 accensa
1379 1370 1484 1433 vis
1518 1370 1696 1435 venti
1737 1377 1940 1449 esset,
1986 1371 2141 1456 ipso
2166 1370 2308 1449 illo,
2339 1391 2473 1456 quo
2494 1371 2721 1456 depre-

525 1473 710 1536 hensi
740 1479 948 1551 erant,
979 1472 1135 1537 loco
1168 1478 1395 1537 castra
1423 1492 1672 1557 ponere
1700 1474 2148 1539 necessarium
2177 1474 2393 1538 visum
2424 1481 2552 1539 est.
2639 1472 2719 1538 Id

523 1592 687 1639 vero
717 1575 966 1640 laboris
991 1575 1175 1640 velut
1195 1575 1277 1640 de
1318 1577 1570 1659 integro
1600 1578 1863 1642 initium
1903 1577 2052 1643 fuit.
2147 1577 2213 1642 N
2218 1597 2324 1642 am
2354 1598 2475 1643 nec
2503 1576 2721 1662 expli·

523 1692 674 1738 care
702 1676 1089 1759 quicquam,
1122 1695 1244 1740 nec
1276 1683 1577 1741 statuere
1608 1683 1956 1760 poterant;
2002 1696 2149 1755 nec,
2185 1677 2365 1761 quod
2397 1682 2717 1743 statutum

522 1786 727 1856 esset,
757 1780 1126 1855 manebat,⁴
1164 1779 1390 1843 omnia
1420 1779 1884 1862 perscindente
1914 1789 2114 1845 vento
2147 1790 2218 1846 et
2241 1781 2562 1864 rapiente.
2638 1777 2720 1842 Et

521 1901 683 1945 mox
721 1901 901 1965 aqna
939 1880 1160 1947 levata
1204 1887 1428 1961 vento,
1475 1901 1628 1947 cum
1671 1902 1869 1967 super
1908 1883 2127 1965 gelida
2162 1883 2483 1957 montium
2509 1881 2716 1967 jnga³

520 1992 838 2050 concreta
875 1991 1104 2063 esset:
1147 1991 1399 2052 tantum
1446 1987 1711 2052 nivosae
1750 1986 2090 2070 grandinis
2114 1986 2417 2071 ·dejecit,‚
2442 1995 2542 2068 ut,
2585 2005 2719 2051 om-

517 2088 717 2154 nibus
774 2088 1067 2167 omissiS,
1136 2090 1653 2175 procumberent
1726 2090 2055 2170 homines,
2129 2091 2523 2174 tegminibus
2581 2090 2721 2155 suis

517 2192 999 2275 magisobruti,
1042 2212 1246 2277 quam
1279 2192 1472 2259 tecti.·
1547 2193 1904 2278 Tantaque
1952 2195 2055 2259 vis
2099 2193 2363 2277 frigoris
2413 2192 2722 2260 insecuta

516 2300 642 2373 est,
682 2301 782 2373 ut,
823 2314 911 2359 ex
954 2296 1070 2361 illa
1106 2296 1475 2362 miserabili
1518 2297 1862 2362 hominum
1891 2297 2469 2382 jumentorumque
2500 2303 2721 2381 strage

518 2418 787 2464 cum‘se
815 2401 1107 2484 quisque
1151 2399 1508 2465 attollere⁴
1558 2420 1641 2466 ac
1689 2400 1917 2466 levare
1956 2401 2178 2479 vellet,
2230 2400 2349 2465 diu
2388 2401 2719 2486 nequiret,

516 2503 699 2586 quia,
742 2505 1162 2588 torpentibus
1192 2505 1407 2587 rigore
1442 2505 1686 2583 nervis„
1722 2505 1840 2571 vix
1870 2505 2131 2569 flectere
2161 2511 2347 2570 artus
2377 2511 2716 2588 poterant.

515 2603 808 2684 Deinde,
848 2615 919 2671 ut
968 2606 1231 2672 tandem
1261 2606 1583 2689 agitando
1613 2628 1761 2673 sese
1793 2626 2061 2673 movere
2093 2627 2174 2672 ac
2217 2627 2531 2691 recepere
2575 2606 2713 2671 ani·

511 2726 684 2788 mos»,
710 2715 781 2775 et
799 2711 973 2775 'raris
1002 2709 1174 2776 locis
1204 2710 1383 2793 ignis
1415 2710 1561 2776 fieri
1594 2717 1695 2776 est
1739 2719 2033 2795 coeptnS,
2081 2711 2168 2777 ad
2199 2711 2488 2777 alienam
2520 2729 2710 2795 opem

514 2812 801 2898 quisque
849 2814 1046 2897 inops
1098 2812 1386 2877 tendere.
1474 2812 1775 2877 Biduum
1827 2833 1911 2878 eo
1958 2814 2139 2894 loco,
2190 2814 2376 2879 velut
2429 2812 2704 2889 obsessi,

509 2931 833 2980 mansere.
924 2915 1125 2980 Multi
1154 2915 1494 2994 homines,
1511 2917 1725 2981 multa
1739 2916 2066 3000 jumenta,
2093 2916 2420 3001 elephanti
2445 2934 2703 3001 quoque

511 3035 598 3080 ex
627 3016 752 3094 his,
783 3017 898 3101 qui
931 3018 1169 3101 praelio
1219 3018 1307 3082 ad
1354 3018 1670 3084 Trebiam
1716 3017 1896 3085 facto
1935 3020 2413 3105 superfuerant,
2455 3026 2701 3104 septem

510 3118 827 3184 absumti.

594 3220 702 3286 59.
763 3221 1135 3308 Degressus
1188 3222 1554 3308 Apennino
1605 3229 1780 3289 retro
1853 3222 1941 3288 ad
2006 3223 2436 3289 Placentiam
2494 3228 2697 3289 castra

509 3325 748 3406 movit,
796 3335 866 3392 et
896 3328 983 3392 ad
1014 3326 1242 3394 decem
1293 3327 1509 3393 millia
1560 3346 1965 3413 progressus
2015 3326 2343 3393 consedit.
2434 3327 2696 3392 Postero

570 3546 592 3580 δ
635 3547 738 3605 Vel,
725 3549 818 3663 ,ὁεί
847 3550 1116 3600 niterentur
1147 3552 1373 3601 adversus
1403 3555 1616 3615 eentum,
1647 3554 1749 3598 tun
1778 3543 2055 3599 cucumam-ti
2083 3552 2133 3598 et
2160 3547 2298 3612 quasi
2317 3547 2468 3597 rotati
2496 3542 2691 3603 ffurbtne

507 3620 750 3677 moster-ne
778 3620 941 3665 anm.

569 3680 729 3729 ‘Aur
729 3695 806 3729 am
826 3681 1034 3742 accipere
1055 3684 1196 3744 atque
1216 3680 1419 3731 halitum
1438 3679 1701 3730 remittere.

570 3743 597 3777 ⁶
630 3744 928 3794 lachmann
958 3748 1109 3795 denno
1135 3744 1242 3807 suit
1280 3747 1428 3808 luber,
1462 3760 1568 3794 cnm
1600 3760 1696 3794 non
1715 3749 1899 3821 poue-u
1921 3742 2132 3793 evolvere
2153 3743 2467 3792 instrumente
2487 3741 2593 3796 nik,
2612 3751 2689 3785 net

506 3810 907 3874 tentor-infigere.-
942 3810 1058 3874 quin
1077 3816 1144 3871 et,
1164 3811 1210 3859 εἰ
1229 3782 1455 3886 qnoeflsse
1476 3815 1633 3866 erant,
1654 3824 1815 3859 emm
1836 3808 1961 3858 nihil
1979 3808 2065 3857 diu
2083 3812 2214 3857 stare
2230 3814 2437 3870 puerar-

569 3874 749 3923 Cum
777 3891 899 3938 aqna
926 3878 975 3924 vi
1003 3875 1135 3924 venti
1170 3877 1330 3924 rarior
1358 3881 1406 3925 et
1432 3877 1582 3925 levior
1599 3875 1758 3936 sacta,
1790 3878 1839 3925 et
1867 3875 1994 3924 elata
2022 3887 2167 3936 vapra
2194 3873 2460 3935 ἐπεπείκει
2480 3867 2686 3919 nontin

503 3938 721 4003 vertices,
743 3939 794 3988 in
812 3941 1016 4002 glaciem
1036 3945 1159 3991 esset
1181 3942 1427 3991 indurat«.

1423 4117 1790 4141 ‘OM'

503 4233 922 4347 ,laevinum—2
953 4235 1292 4289 Inter-eluderet
1314 4237 1449 4289 Edd.
1467 4252 1647 4291 ornnes
1671 4246 1792 4289 ante
1819 4235 2082 4289 nuh—s
2109 4233 2189 4286 ΑΙ.
2207 4232 2549 4284 συνῆκα-4
2569 4226 2677 4276 Put-

504 4315 566 4347 ex
589 4317 615 4346 0
653 4313 745 4346 erl·
