3025 4892
1023 360 1166 409 ms.
1216 359 1444 409 xxnr.
1490 360 1655 409 ear.
1697 343 1765 410 8.
2313 342 2485 411 2001

295 504 875 585 Quemadmodum
903 504 1175 588 pedites
1202 506 1609 590 equitesque
1640 508 1976 591 optamus,
2001 510 2082 570 ut
2101 504 2488 586 validiores,

293 611 357 674 si
407 611 648 688 minua,
679 620 755 673 ut
797 628 996 694 pares
1034 609 1216 675 hosti
1254 609 1670 675 habeamus:
1718 610 1812 674 ita
1839 609 1996 674 duci
2026 610 2323 676 hostium
2370 630 2491 694 pa·

292 732 438 779 rem
493 714 960 797 imperatorem
1008 693 1700 796 quaeramus.sc0m,
1748 712 1864 796 qui
1919 720 2027 778 est
2084 732 2380 778 summus
2421 714 2491 778 in

294 818 573 882 civitate
622 817 787 894 dux,
835 835 988 881 eum
1029 815 1429 899 legerimus3
1473 821 1697 881 tamen
1718 823 1772 866 ¹4
1819 825 2090 901 repente
2129 818 2370 897 lectus,
2420 818 2492 883 in

295 939 541 984 annum
573 926 863 997 creatae,
894 919 1214 985 adversus
1255 925 1548 986 veterem
1592 940 1674 985 ac
1714 926 2106 1005 perpetuum
2135 922 2493 1004 imperato·

294 1043 438 1087 rem
482 1023 1002 1107 comparabitur,
1031 1024 1232 1089 nullis
1276 1043 1496 1108 neque
1543 1026 1892 1108 temporis,
1932 1044 2148 1109 neque
2184 1023 2358 1109 juris
2395 1024 2497 1088 in·

296 1124 564 1191 clusum
602 1126 950 1211 angustiis,
992 1146 1125 1211 qno
1155 1128 1380 1205 minus
1425 1129 1525 1192 ita
1569 1127 1798 1193 omnia
1828 1134 2017 1211 gerat
2046 1127 2496 1194 administret-

299 1248 453 1314 que,
485 1234 558 1297 ut
598 1236 907 1315 tempora
943 1230 1388 1314 postulabunt
1421 1231 1659 1297 belli.¹⁵
1752 1231 1975 1296 Nobis
2015 1238 2247 1296 autem
2276 1231 2341 1296 in
2374 1250 2497 1315 ap-

300 1337 543 1416 paratu
571 1333 748 1417 ipso,
778 1353 860 1400 ac
900 1340 1158 1399 tantum
1195 1332 1673 1399 inchoantibus
1693 1332 1746 1374 ¹⁶
1775 1354 1899 1411 res,
1928 1353 2142 1399 annus
2174 1334 2499 1399 circuma-

299 1436 498 1518 gitur.
583 1435 946 1516 Quoniam,
984 1439 1230 1522 quales
1260 1438 1438 1502 viros
1462 1455 1695 1501 creare
1725 1455 1852 1502 vos
1880 1435 2196 1501 consules
2233 1436 2499 1516 deceat,

301 1538 477 1602 satis
509 1546 617 1604 est
644 1538 941 1620 dictum3
988 1546 1200 1606 restat
1236 1549 1313 1605 ut
1355 1558 1585 1625 pauca
1628 1537 1712 1604 de
1753 1540 1877 1617 eis,
1912 1540 1984 1603 in
2031 1559 2206 1623 quos
2247 1558 2498 1624 praero·

301 1642 553 1724 gativae
607 1641 798 1707 favor
850 1642 1241 1721 inclinavit:
1290 1644 1535 1710 dicam.
1654 1642 1753 1707 Μ.
1810 1643 2132 1707 AEmilius
2190 1642 2503 1726 Regillus

302 1745 547 1810 flamen
578 1751 685 1810 est
709 1745 1111 1825 Quirinalis,
1134 1766 1334 1831 quem
1358 1766 1575 1831 neque
1601 1744 1862 1811 mittere
1885 1746 1973 1810 ab
1997 1746 2261 1824 sacriS,‘¹
2288 1764 2505 1830 neque

303 1849 593 1914 retinere
635 1867 1026 1928 possumus,
1056 1857 1138 1915 ut
1178 1868 1312 1914 non
1353 1849 1572 1915 Deum
1603 1856 1725 1915 aut
1761 1850 1926 1916 belli
1969 1850 2356 1915 deseramus
2386 1844 2501 1915 cu·'

306 1969 470 2015 ram.
558 1950 898 2018 Otacilius
948 1954 1197 2033 sororis
1240 1973 1409 2019 meae
1459 1953 1668 2019 filiam
1716 1972 1999 2018 uxorem
2048 1960 2250 2037 atque
2286 1972 2373 2017 ex
2421 1971 2506 2016 ea

307 2051 558 2118 liberos
586 2052 863 2120 habet.¹⁷
953 2053 1262 2121 Ceterum
1302 2076 1431 2121 non
1479 2077 1563 2123 ea
1595 2062 1815 2121 vestra
1840 2056 1909 2120 in
1939 2075 2047 2120 me
2076 2055 2503 2140 majoresque

308 2175 504 2222 meos
534 2159 767 2222 merita
799 2166 1002 2236 sunt:
1032 2166 1109 2223 ut
1138 2177 1272 2223 non
1304 2160 1629 2243 potiorem
1675 2158 1961 2242 privatis
1992 2156 2506 2222 necessitudini·

311 2260 446 2325 bus
477 2279 610 2324 rem
640 2261 980 2344 publicam
1009 2261 1315 2328 habeam.
1393 2261 1706 2341 Quilibet
1738 2268 2093 2327 nautarum
2128 2268 2509 2327 vectorum·

310 2382 447 2446 que
491 2364 849 2448 tranquillo
876 2366 1043 2429 mari
1074 2367 1447 2448 gubernare
1477 2370 1749 2449 potesta
1791 2365 1908 2429 ubi
1951 2383 2141 2429 soeva
2173 2368 2318 2427 orta
2346 2367 2508 2428 tem-

311 2474 550 2552 pestas
591 2472 697 2531 est
726 2488 805 2533 ac
835 2470 1108 2535 turbato
1138 2471 1301 2535 mari
1326 2469 1587 2553 rapitur
1622 2474 1824 2534 vento
1862 2467 2080 2539 navis,
2104 2472 2239 2531 tum
2271 2466 2415 2531 viro
2444 2475 2543 2536 et.

307 2571 748 2655 gubernatore
778 2592 953 2657 opus
984 2579 1112 2639 est.
1200 2572 1361 2637 Non
1394 2572 1753 2655 tranquillo
1785 2572 2198 2654 navigamus,
2229 2569 2346 2634 sed
2367 2571 2513 2655 jam

312 2674 579 2758 aliquot
605 2676 925 2760 procellis
943 2683 966 2711 ¹
995 2674 1344 2740 summersi
1379 2694 1574 2759 paene
1611 2693 1862 2738 sumus.
1936 2672 2207 2756 Itaque,
2236 2673 2393 2757 quis
2422 2674 2515 2739 ad

313 2778 764 2860 gubernacula
816 2778 1068 2855 sedeat,
1112 2794 1375 2843 summa
1417 2797 1583 2842 cura
1626 2776 2112 2861 providendum
2144 2794 2225 2840 ae
2257 2794 2517 2859 praeca-

316 2880 611 2944 vendum
644 2881 840 2946 vobis
867 2880 916 2920 ¹⁸
961 2887 1084 2945 est.
1173 2880 1259 2945 In
1300 2881 1554 2944 minore
1595 2885 1660 2945 te
1707 2880 1998 2964 experti,
2028 2877 2113 2943 T.
2141 2878 2417 2955 Otacili,
2449 2898 2519 2944 re

324 2990 637 3046 sumus.¹⁹
725 2982 934 3048 Haud
986 3002 1170 3062 sane,
1215 3002 1332 3049 cur
1363 2983 1452 3048 ad
1498 2983 1760 3069 majora
1802 2981 1927 3049 tibi
1969 2980 2279 3059 fidamus,
2312 2981 2519 3049 docu-

383 3188 408 3215 ¹'
441 3182 624 3239 Quibus
641 3181 872 3242 faverunt
890 3181 1133 3248 ψωθία
1151 3182 1381 3232 murto
1397 3180 1603 3245 prim
1620 3184 1750 3230 sorte
1767 3180 1940 3230 ducta.

385 3256 405 3282 ⁸
440 3248 996 3311 Numaiguaunt
1016 3240 2371 3315 bmgfleioquminmucmq‘orunmmtulictis.

1397 3408 1605 3429 ‘oceno

327 3533 388 3579 14
429 3529 550 3578 'Tum
584 3526 719 3577 Edd.
742 3532 863 3576 ante
886 3526 1242 3577 Groneia—16
1277 3525 1401 3576 Vct.
1423 3524 1512 3575 lib.
1537 3523 1672 3586 apud
1692 3522 1864 3587 Sigon.
1886 3527 1941 3571 ut
1961 3521 2068 3571 belli
2090 3527 2298 3583 tempora
2318 3520 2526 3584 postula·

324 3594 585 3644 bana—lo
618 3593 724 3643 ‘Ae
743 3597 929 3641 tantum
946 3591 1273 3641 inchoantibus
1293 3605 1385 3640 ree.
1449 3589 1692 3652 Suspicor
1727 3588 1907 3647 fuisse,
1941 3602 1998 3636 ac
2027 3591 2212 3635 tantum
2244 3601 2334 3634 uon
2366 3584 2527 3635 incl-m

324 3660 539 3723 ortibus,
570 3658 668 3709 etsi
708 3665 881 3722 potest
918 3656 1042 3706 illud
1081 3656 1242 3706 ferri)
1272 3657 1328 3704 .Ι.
1353 3656 1415 3706 F.
1444 3655 1787 3703 Granum—1⁷
1826 3652 2045 3715 Pighius
2081 3651 2294 3713 corrigit
2326 3650 2526 3713 omiti,

327 3732 382 3773 et
400 3724 688 3775 habea—18
723 3722 806 3774 ΑΙ.
842 3722 1128 3773 nebim—19
1162 3722 1224 3771 Is
1260 3721 1437 3771 nii-ore
1470 3734 1528 3769 re
1561 3718 1752 3783 experti
1790 3717 1846 3767 Τ.
1881 3719 1965 3767 Ot-
1997 3730 2185 3781 operm
2216 3720 2529 3765 mmm

1322 3865 1537 3918 NOTAE

392 3980 420 4015 π
443 3971 598 4028 Quem
616 3984 765 4034 nequ
782 3969 976 4018 mittere
994 3966 1055 4016 ub
1073 3963 1246 4029 ueris]
1273 3965 1406 4020 li’la·s
1534 3971 1555 3998 ¹
1587 3963 1704 4014 Just
1739 3964 1916 4028 aliquot
1943 3958 2183 4027 procellis]
2218 3959 2533 4023 Metapbora

328 4047 494 4098 mines
532 4047 667 4097 adeo
702 4045 906 4096 astricti
939 4051 1089 4094 eraut
1120 4043 1302 4104 sacris,
1332 4046 1392 4091 ut
1472 4055 1502 4090 a
1523 4041 1655 4090 mari
1678 4040 1743 4092 ad
1764 4038 1998 4105 rempub.
2017 4037 2178 4087 ducta
2197 4053 2210 4084 =
2232 4036 2531 4098 intelligun-

329 4125 400 4176 ab
435 4124 566 4175 urbe
602 4124 887 4174 abnoctare
922 4120 1044 4186 ipsis
1071 4120 1288 4170 vetitum
1311 4131 1390 4167 es-
1473 4124 1561 4167 tur
1581 4124 1755 4169 autem
1790 4131 1977 4183 pugne
2007 4116 2074 4165 ad
2098 4114 2449 4165 Trasimenum
2474 4117 2534 4167 et

332 4210 437 4264 set,
471 4202 657 4252 saltem
698 4201 839 4258 diali,
873 4207 934 4250 ut
968 4198 1185 4248 vidimus
1221 4196 1310 4248 lib.
1335 4208 1391 4247 V.
1473 4196 1696 4248 &unna

336 4295 458 4346 cap.
480 4283 564 4330 66.
