3025 4892
876 356 1081 407 mam
1132 356 1303 409 x1x.
1346 356 1986 409 suvrnnmnwruu.
2359 341 2534 420 1602

394 505 499 561 52.
539 498 697 559 Tum
723 519 861 560 vero
888 497 1151 562 Romani
1176 522 1365 563 mores
1389 501 1677 563 laboranti
1699 502 2036 583 reipublicae
2060 511 2206 574 temff

324 598 552 677 pestivo
579 597 804 657 auxilio
828 598 1167 658 subvenere.
1254 599 1496 680 Quippe
1535 607 1699 660 tanta
1731 598 1845 657 fuit
1877 608 2210 674 senatorum

317 714 387 754 eo
413 705 675 775 tempore
712 695 1091 772 generositas,
1120 705 1186 755 ut
1227 697 1287 755 in
1328 695 1565 777 publico
1607 695 1937 755 discrimine
1970 696 2212 776 privatis

323 792 534 874 opibus
559 790 806 872 puderet
846 811 1105 871 parcere,
1136 793 1383 873 plusque
1408 794 1607 866 statim
1633 793 1898 873 pecuniae
1936 793 2212 874 reperire-

319 898 434 959 tur,
460 909 641 968 quam
669 888 747 948 ad
774 888 1098 968 impensam
1134 888 1337 949 classis
1362 910 1510 971 opus
1535 899 1720 964 esset:
1769 909 1906 954 nam
1939 910 2019 948 ex
2044 889 2208 954 ditis.

322 986 483 1046 simis
524 984 762 1065 singuli,
806 985 1053 1045 aliorum
1093 986 1239 1045 bini.
1265 986 1508 1057 ternive,
1555 996 1623 1046 ut
1664 986 1979 1056 facultates
2021 996 2209 1058 erant,

320 1082 795 1162 quinqueremem
820 1102 994 1141 unam
1036 1102 1170 1141 cum
1217 1084 1592 1142 armamentis
1631 1083 1901 1143 omnibus
1930 1085 2211 1162 justoque

320 1179 561 1256 remigio
600 1179 994 1259 praestandam
1034 1179 1450 1260 suscipiebant,
1489 1200 1561 1239 ea
1599 1178 1750 1258 lege,
1788 1188 1873 1250 ut,
1912 1178 2215 1260 republica

320 1275 625 1334 meliorem
651 1277 712 1334 in
739 1285 955 1335 statum
994 1296 1242 1347 reversa,
1270 1297 1376 1337 sua
1417 1277 1628 1356 cuique
1656 1275 1906 1357 pecunia
1945 1275 2212 1338 restitue-

322 1382 498 1432 retur.
585 1371 729 1433 Hac
755 1393 896 1433 cura
911 1372 1271 1453 consilioque
1297 1374 1742 1454 quinqueremes
1756 1373 2028 1452 ducentae
2052 1392 2213 1433 com·

322 1479 545 1549 paratae
586 1479 741 1541 sunt,
768 1490 917 1550 quas
954 1469 1032 1529 ad
1072 1470 1410 1551 exemplum
1457 1471 1625 1530 navis
1675 1490 1808 1550 quae
1851 1468 2217 1540 Hannibalis

327 1564 557 1626 Rhodii
581 1565 772 1627 fuerat
811 1565 1187 1627 fabricandas
1212 1577 1585 1628 curaverunt.
1672 1566 1904 1646 Magna
1921 1565 2070 1638 ,inde
2110 1586 2216 1626 ex-

320 1663 583 1743 pectatio
609 1663 741 1736 fuit,
762 1665 936 1723 certis
959 1662 1263 1724 hominum
1291 1664 1523 1736 animis,
1552 1662 1714 1745 quod
1741 1662 1819 1722 ad
1840 1672 2104 1740 extrema
2129 1683 2217 1722 re-

307 1758 518 1820 -media
543 1770 786 1820 ventum
812 1769 988 1832 esset,
1017 1761 1130 1821 hac
1157 1761 1347 1834 classe
1372 1759 1447 1820 de
1474 1780 1702 1820 summa
1725 1758 1872 1820 belli
1900 1758 2221 1820 necessario

317 1854 625 1926 decretum
653 1857 743 1917 iri.

401 1960 502 2014 53.
549 1953 713 2013 Dum
740 1955 868 2015 haec
895 1955 981 2015 ita
1007 1953 1180 2026 fiunt,
1220 1955 1589 2017 consulatum
1627 1953 1702 2014 C.
1743 1953 2017 2015 Lutatius
2043 1951 2118 2013 O.
2147 1951 2219 2013 F.

321 2048 400 2109 G.
423 2048 517 2112 N.
545 2050 820 2123 Catulus,
851 2049 938 2111 A.
969 2051 1317 2112 Postumius
1344 2051 1431 2112 A.
1463 2052 1537 2115 F.
1570 2051 1639 2112 L.
1675 2050 1767 2112 N.
1796 2049 2081 2120 Albinus,
2110 2049 2222 2108 ini-

317 2144 511 2207 vere!
593 2147 949 2222 Flaminium
978 2148 1262 2209 Martiale
1290 2147 1376 2209 A.
1406 2149 1757 2226 Postumius
1782 2148 2079 2208 habebat:
2121 2166 2222 2205 eo-
2280 2152 2539 2220 Limlzpit.

320 2263 438 2323 que
492 2245 852 2324 provinciam
898 2247 1087 2306 sortiri
1128 2248 1465 2328 cupientem
1507 2247 1579 2307 L.
1619 2245 1900 2306 Caecilius
1941 2241 2227 2304 Metellus
2250 2234 2369 2271 ¹¹¹·

316 2340 593 2420 pontifex
622 2342 913 2403 maximus
935 2342 1099 2404 dicta
1124 2344 1344 2430 mulcta
1368 2344 1689 2425 prohibuit,
1727 2362 1948 2421 negans
1976 2341 2078 2400 sas
2102 2359 2225 2399 esse
2248 2285 2511 2399 Αᾞῆῗξ.

320 2433 549 2508 flamini
579 2459 618 2498 a
641 2440 820 2499 sacris
844 2440 1153 2501 recedere:
1195 2442 1364 2520 cujus
1390 2440 1534 2500 facti
1560 2439 1975 2521 posterioribus
1987 2454 2226 2515 ,quoque
2254 2413 2555 2530 ''vs-133⁶*

322 2536 688 2615 temporibus
712 2538 963 2618 probata
988 2539 1140 2598 ratio
1172 2547 1281 2600 est.
1367 2537 1559 2597 Aliud
1602 2537 1662 2595 in
1702 2534 1922 2596 tuenda
1944 2532 2228 2611 religione
2285 2557 2533 2611 cie-,phin

321 2630 519 2710 patria
544 2633 883 2714 exemplum
925 2634 1130 2694 iisdem
1157 2635 1519 2716 temporibus
1542 2642 1780 2694 senatus
1809 2631 2016 2701 edidit,
2044 2628 2229 2689 vetito
2254 2640 2333 2672 ¹¹·
2353 2629 2472 2736 &M

325 2727 399 2787 C.
432 2728 675 2792 Lutatio
700 2731 943 2792 consule
969 2732 1375 2793 Praenestinas
1405 2740 1587 2791 sortes
1619 2729 1947 2800 consulere,
1975 2726 2230 2809 peregri-
2255 2690 2436 2807 ,2⁸¹1
2473 2701 2554 2736 ⁸¹⁰

327 2825 490 2886 nisve
517 2828 794 2909 auspiciis
835 2829 896 2887 in
929 2829 1396 2889 administranda
1436 2825 1888 2908 republica‚uti.
1970 2823 2125 2882 Tum
2153 2821 2231 2883 ad

326 2922 472 2983 belli
500 2945 706 2984 curam
743 2928 1037 2988 conversis
1062 2927 1295 2997 animis,
1337 2926 1483 3006 quia
1516 2945 1704 3005 neque
1732 2923 1911 2984 salvis
1934 2920 2233 3000 religioni·

326 3019 438 3079 bus
458 3023 640 3082 ambo
665 3022 933 3084 consules
960 3021 1252 3103 proficisci
1279 3044 1470 3105 posse,
1499 3043 1690 3103 neque
1718 3042 1864 3080 unus
1887 3027 2057 3079 tanto
2072 3016 2235 3096 oneri

325 3117 677 3180 suffecturus
727 3119 1062 3191 videbatur,
1119 3120 1370 3181 alterum
1419 3142 1495 3181 ex
1549 3118 1914 3202 praetoribus,
1966 3135 2102 3177 cum
2160 3134 2232 3173 eo
2288 3116 2396 3169 Liv.
2428 3114 2561 3181 Epir.

328 3213 579 3292 primum
616 3237 771 3277 anno
811 3218 1000 3278 creari
1028 3218 1147 3278 duo
1189 3219 1525 3300 coepissent,
1552 3237 1686 3277 cum
1728 3214 1802 3275 C.
1833 3213 2073 3274 Lutatio
2099 3231 2232 3291 pro-
2258 3196 2378 3230 ’‘¹¹“

328 3306 514 3371 ficisci
542 3311 802 3392 placuit:
846 3335 921 3374 ea
945 3315 1252 3395 provincia
1279 3315 1362 3381 Q.
1400 3313 1650 3374 Valerio
1693 3310 1930 3372 Faltoni
1969 3307 2232 3390 obvenit.
2257 3309 2429 3361 Zonar-

334 3403 427 3465 Hi
450 3428 588 3467 cum
615 3429 819 3469 omnes
840 3419 903 3469 et
939 3410 1228 3491 publicas,
1270 3420 1332 3472 et
1377 3412 1737 3492 privatorum
1775 3425 1953 3467 naves
1976 3402 2234 3484 studioae

330 3503 732 3583 collegissent,
782 3527 1024 3568 numero
1064 3508 1295 3568 circiter
1338 3515 1730 3568 trecentarum
1783 3502 2047 3585 expleto,
2100 3520 2234 3560 cum
2259 3504 2393 3582 Eutf.
2416 3504 2450 3554 l.
2475 3519 2543 3554 u.

333 3603 691 3679 pontonibus
716 3603 967 3684 aliisque
1004 3606 1257 3685 navigiis
1296 3603 1700 3686 septingentiS‚
1746 3601 2012 3661 Siciliam
2038 3598 2236 3658 statim
2259 3569 2565 3685 Lffffioml’

334 3704 509 3778 atque
537 3700 761 3760 remisit
783 3701 989 3784 hyems
1011 3704 1290 3783 petivere.
2261 3700 2565 3766 Polyb.1.59.

411 3800 511 3854 54.
558 3795 952 3859 Venientibus
988 3799 1292 3860 confestim
1331 3798 1741 3880 Lilybaetanus
1771 3792 2236 3874 Drepanitanus·

335 3908 445 3967 que
495 3901 700 3972 portus
751 3904 1103 3975 patuerunt:
1166 3899 1385 3978 quippe
1439 3896 1636 3955 hostes
1686 3892 1852 3954 nulla
1909 3888 2238 3969 suspicione

338 3985 536 4049 classis
579 4011 658 4050 ex
703 3991 891 4053 Italia
934 4003 1195 4055 venturae
1236 4013 1371 4053 cum
1415 3992 1686 4052 omnibus
1724 3991 1845 4049 suis
1889 3986 2137 4066 navibus
2179 3982 2239 4043 in

347 4081 608 4148 Africam
638 4092 878 4168 regressi
903 4089 1151 4152 fuerant.
1238 4089 1385 4151 Hoc
1409 4102 1534 4150 tam
1561 4107 1835 4170 prospero
1860 4103 2048 4145 rerum
2076 4081 2243 4141 initio

1071 4259 1095 4294 ὗ
1131 4260 1195 4314 Α.
1222 4261 1286 4312 U.
1311 4261 1373 4312 C.
1396 4264 1510 4311 ⁶1⁰.
1543 4258 1610 4311 A.
1634 4259 1695 4310 C.
1717 4262 1834 4310 242.
1894 4312 1902 4320 ,
2141 4307 2146 4318 ,

472 4349 651 4416 Delph.
671 4360 716 4405 el
746 4356 864 4412 Ver.
884 4358 1014 4412 ctas.
1367 4360 1554 4409 Livius.
2323 4356 2351 4400 ⁵
2390 4348 2438 4400 0
