3025 4892
547 360 719 427 1750
1279 307 1284 312 Ι
1479 373 1551 422 τ.
1602 373 1791 423 mvn

546 541 798 588 cornua
821 521 1010 587 leves
1050 525 1396 586 armaturas
1427 528 1599 585 sunt.
1687 517 1866 599 Quae
1896 537 2003 585 res
2032 517 2280 597 effecit,
2312 524 2387 586 ut
2413 522 2738 606 equitatus

551 624 906 690 Romanus
950 622 1296 707 extemplo
1325 629 1685 707 urgeretur.
1759 620 1944 689 Nam
1972 642 2128 688 cnm
2155 623 2274 689 vix
2312 625 2459 711 jam
2508 645 2627 709 per
2671 643 2738 689 se

549 728 943 793 resisterent
977 726 1206 792 decern
1237 726 1533 792 millibus
1562 725 1861 812 equitum
1894 730 2175 810 quatuor
2215 725 2452 804 millia,
2482 735 2555 794 et
2585 726 2741 793 sessi

551 829 886 914 plerisque
924 828 1283 912 integris,²⁰
1325 828 1552 894 obruti
1579 833 1736 894 sunt
1776 829 2047 914 insuper
2074 829 2264 894 velut
2290 830 2469 895 nube
2485 830 2742 917 jaculo·

551 953 694 998 rum
718 952 761 998 a
785 932 1165 999 Baliaribus
1188 931 1517 1017 conjecta.
1578 931 1692 998 Ad
1711 934 1841 998 hoc
1869 932 2232 1018 elephanti,
2253 934 2629 998 eminentes
2659 935 2740 1000 ab

551 1036 874 1101 extremis
922 1037 1262 1114 cornibus,
1328 1034 1558 1123 (equis
1600 1036 1898 1101 maxime
1955 1055 2092 1102 non
2141 1036 2291 1102 visu
2338 1037 2573 1117 mode,
2633 1036 2745 1103 sed

555 1138 759 1204 odore
787 1140 1064 1206 insolito
1088 1138 1385 1226 territis‚)
1404 1140 1629 1224 fugam
1648 1140 1789 1205 late
1806 1139 2167 1206 faciebant.
2214 1139 2567 1206 Pedestris
2584 1159 2748 1226 pug-

554 1263 644 1309 na
664 1262 788 1327 par
817 1243 1059 1308 animis
1083 1244 1297 1326 magis
1323 1262 1527 1327 quam
1558 1243 1811 1308 viribus
1840 1247 2015 1325 erat3
2064 1261 2234 1326 quas
2262 1249 2563 1309 recentes
2592 1243 2748 1309 Poe·

554 1365 705 1424 nus,
734 1347 940 1433 paulo
971 1352 1129 1412 ante
1172 1346 1424 1413 curatis
1446 1347 1872 1431 corporibus,
1925 1346 1995 1412 in
2042 1346 2349 1431 praelium
2397 1346 2748 1412 attulerat:

557 1456 792 1516 contra
810 1448 1044 1534 jejuna
1065 1448 1378 1534 fessaque
1401 1468 1687 1533 corpora
1711 1447 2037 1515 Romanis
2058 1454 2125 1514 et
2145 1449 2427 1532 rigentia
2446 1449 2597 1532 gelu
2626 1455 2750 1514 tor·

560 1553 831 1636 pebant.
919 1550 1359 1619 Restitissent
1387 1557 1609 1618 tamen
1638 1554 1904 1632 animis,
1959 1553 2021 1617 si
2065 1572 2216 1617 cum
2262 1551 2491 1636 pedite
2544 1550 2750 1615 solum

558 1652 729 1719 soret
757 1659 1142 1739 pugnatum.
1230 1653 1364 1719 Sed
1392 1660 1460 1720 et
1504 1656 1834 1735 Baliares,
1865 1655 2067 1742 pulso
2096 1654 2344 1738 equite,
2363 1654 2754 1740 jaculaban-

560 1763 665 1823 tur
710 1760 780 1824 in
825 1759 1055 1837 latera,
1085 1765 1157 1823 et
1206 1757 1555 1842 elephanti
1587 1759 1739 1843 Jam
1788 1759 1858 1823 in
1889 1756 2179 1823 mediam
2211 1755 2514 1842 peditum
2546 1757 2754 1822 aciem

559 1881 714 1928 sese
735 1862 1063 1927 tulerant:
1109 1867 1177 1926 et
1207 1860 1419 1944 Mago
1451 1860 1521 1927 N
1522 1861 1929 1945 umfflaeqne,
1963 1859 2164 1925 simul
2202 1859 2499 1925 latebras
2536 1877 2754 1924 eorum

560 1965 945 2049 improvida
973 1965 1356 2050 praeterlata
1408 1965 1594 2030 acies
1642 1968 1799 2044 est,⁸
1837 1964 2058 2030 exorti
2085 1964 2175 2029 ab
2214 1969 2401 2046 tergo
2432 1961 2754 2045 ingentem

562 2068 919 2134 tumultum
949 2088 1029 2135 ac
1059 2073 1370 2133 terrorem
1399 2067 1644 2134 fecere.
1732 2068 1990 2134 Tamen
2025 2067 2099 2132 in
2134 2072 2239 2133 tot
2269 2065 2760 2132 circumstanti·

563 2172 694 2236 bus
725 2172 920 2238 malis
948 2171 1190 2237 mansit
1212 2171 1630 2258 aliquamdiu
1660 2172 1938 2239 immota
1957 2172 2164 2248 acies,
2197 2169 2498 2234 maxime
2520 2178 2757 2253 praeter

562 2293 752 2357 spem
811 2275 1103 2339 omnium
1150 2273 1477 2340 adversus
1529 2273 1945 2359 elephantos.
2039 2271 2179 2337 Eos
2221 2270 2514 2347 veliteS,¹
2561 2267 2649 2333 ad
2694 2267 2761 2334 id

564 2376 786 2461 ipsum
810 2378 1037 2455 locati,
1069 2378 1316 2443 verutis
1346 2377 1684 2462 conjectis
1715 2384 1787 2442 et
1815 2381 2135 2455 avertere,
2169 2380 2238 2441 et
2266 2373 2555 2440 insecuti
2578 2392 2761 2438 aver·

565 2499 681 2544 sos
709 2481 836 2546 sub
863 2481 1129 2559 caudis,
1159 2500 1296 2565 qua
1327 2482 1625 2549 maxime
1656 2480 1843 2546 molli
1886 2487 2046 2547 cute
2092 2478 2369 2545 vulnera
2407 2475 2761 2561 accipiunt,

561 2582 934 2651 fodiebant.
1933 2576 1945 2584 ’
2862 2655 2873 2663 ,

654 2686 764 2752 56.
805 2687 1261 2772 Trepidantes
1315 2706 1664 2773 propeque
1688 2690 1714 2723 ⁸
1754 2686 1900 2772 jam
1957 2685 2030 2750 in
2090 2703 2252 2750 suos
2310 2684 2763 2748 consternatos

568 2787 791 2853 media
834 2790 1024 2856 acie³
1077 2791 1146 2855 in
1184 2795 1580 2870 extremam,
1630 2789 1719 2856 ad
1771 2789 2119 2855 sinistrum
2163 2805 2392 2864 cornu,
2447 2783 2764 2850 adversus

569 2888 810 2956 Gallos
869 2892 1232 2958 auxiliares
1294 2894 1405 2975 agi
1452 2892 1665 2977 jussit
1719 2889 2084 2957 Hannibal.
2173 2886 2539 2971 Extemplo
2591 2882 2764 2951 baud

570 2992 845 3058 dubiam
874 2993 1094 3059 fecere
1121 2993 1369 3077 fugam.
1459 2993 1756 3061 Additus
1782 3013 2056 3079 quoque
2086 3010 2307 3058 novus
2339 2999 2552 3057 terror
2628 2985 2768 3052 Ro-

572 3094 812 3173 manis,
865 3101 944 3162 ut
969 3095 1126 3161 fusa
1151 3097 1411 3164 auxilia
1454 3118 1580 3164 sua
1628 3097 1953 3163 viderunt.
2040 3095 2303 3179 Itaque,
2354 3111 2511 3158 cum
2529 3089 2672 3174 jam
2699 3088 2769 3152 in

572 3196 803 3261 orbem
833 3204 1240 3283 pugnarent,⁵
1270 3200 1507 3266 decem
1548 3199 1761 3265 millia
1787 3199 1992 3265 ferme
2019 3198 2382 3273 hominum,
2413 3213 2571 3259 eum
2594 3187 2769 3256 alia⁶

574 3300 862 3367 evadere
912 3303 1332 3386 nequissent,
1390 3302 1618 3368 media
1671 3302 1986 3368 Afrorum
2042 3300 2216 3380 acie,
2276 3316 2433 3382 quae
2492 3291 2772 3361 Gallicis

575 3402 855 3468 auxiliis
888 3403 1148 3470 firmata
1173 3412 1338 3484 erat,
1381 3424 1535 3471 cum
1566 3404 1819 3488 ingenti
1851 3401 2040 3470 caede
2072 3401 2367 3467 hostium
2399 3413 2767 3483 perrupere.

577 3503 666 3569 Et
707 3523 863 3570 cum
904 3525 1122 3591 neque
1166 3509 1233 3572 in
1284 3512 1508 3573 castra
1535 3507 1790 3572 reditus
1822 3509 2008 3572 esset
2047 3503 2320 3571 flumine
2366 3496 2768 3574 interclusis,

641 3694 668 3719 ⁸
700 3686 884 3738 Statim
901 3692 1043 3753 atque
1066 3688 1388 3739 Romamn
1410 3689 1559 3753 copia
1580 3688 1907 3752 inrprudenter
1922 3691 2277 3753 pretergressa
2285 3684 2492 3745 sumt
2511 3683 2667 3743 locun,
2687 3677 2773 3728 elui

578 3750 733 3815 Mago
750 3769 856 3804 cum
878 3754 1108 3805 Numidis
1128 3754 1319 3805 leubae.

1502 3900 1862 3925 ‘OmmOO

579 4031 793 4082 deduetae
821 4029 995 4081 malim
1028 4047 1145 4082 cum
1178 4030 1612 4082 Drakenborchio
1642 4031 1889 4082 Μωρέ
1927 4028 2305 4092 Οοοτίιις.-20
2340 4023 2484 4076 Olim
2514 4022 2773 4086 utebatur

567 4095 696 4155 sessi
721 4096 926 4147 Renum
943 4096 1180 4162 plerisque
1200 4098 1409 4159 integris
1431 4096 1705 4148 Poem's.—1
1745 4098 1830 4147 Al.
1851 4110 1929 4146 eos
1946 4094 2147 4158 pedites.
2214 4089 2334 4141 Vid.
2358 4091 2486 4141 Not.
2508 4089 2629 4139 Var.

646 4166 679 4210 2
716 4162 779 4211 Iu
814 4162 1076 4228 plerisque
1113 4162 1241 4212 Μαι.
1275 4168 1336 4213 et
1366 4161 1500 4212 Edd.
1523 4159 1714 4224 legitur
1735 4161 2117 4235 trepidantesque
2144 4169 2291 4221 prope
2313 4155 2461 4219 prob.
2484 4152 2770 4205 Stroth—8

583 4224 734 4290 Conj.
767 4227 988 4292 Rupert.
1022 4241 1049 4278 e
1080 4228 1165 4278 vel
1196 4243 1230 4277 a
1261 4228 1416 4279 nediu
1446 4225 1569 4288 ads,
1589 4227 1675 4277 vel
1702 4228 1860 4277 aedis
1888 4225 2185 4275 abacta—4
2216 4221 2374 4273 Malit
2390 4220 2446 4299 J..
2469 4221 2529 4271 Ρ.
2545 4218 2771 4298 pretor.

571 4288 735 4350 secere
755 4292 963 4356 fugm:
993 4292 1273 4357 «ddituque
1301 4306 1451 4345 norm
1484 4296 1754 4344 terren-⁶
1788 4291 1931 4344 Olim
1964 4287 2242 4354 legebatur
2273 4301 2508 4348 cmm
2538 4300 2590 4335 n
2618 4280 2771 4333 orbe-
