3025 4892
418 329 589 396 1406
1372 340 1441 389 τ.
1488 341 1683 390 mvn
1795 410 1804 417 ·

746 487 1002 547 animus:
1028 486 1130 546 sed
1155 495 1480 547 contemtus
1501 487 1673 547 toties
1700 506 1737 545 a
1760 484 1877 544 suis
1901 485 2073 545 victae
2099 482 2305 563 gentis,
2333 491 2394 542 et
2418 483 2499 543 rei
2525 503 2625 563 ge-

746 583 938 644 rendae
964 583 1272 665 cupiditas,
1298 584 1602 646 consilium
1626 584 1974 664 eripuerant.
2015 593 2019 597 '
2052 579 2300 661 Raptim
2326 579 2402 639 ad
2433 579 2630 640 hostes

748 680 1007 740 exercitu
1046 680 1246 751 ducto,
1277 701 1410 740 cum
1437 680 1757 761 praemissos
1787 678 1865 738 ab
1906 679 2247 758 imperatore
2280 676 2630 737 Samnitium

748 776 1138 856 speculatores
1172 775 1431 848 vidisset,
1478 777 1580 857 qui
1610 784 1922 856 conspecto
1952 772 2357 835 Romanorum
2402 772 2629 852 agmine

748 892 811 932 se
851 873 1209 952 recipiebant
1238 873 1315 933 ad
1357 894 1513 944 suos,
1546 874 1870 932 universam
1911 872 2161 933 hostium
2203 869 2630 930 multitudinem

750 967 947 1047 fugere
973 969 1302 1041 arbitratus,
1320 989 1435 1030 non
1451 968 1732 1039 locorum,
1754 989 1870 1030 non
1885 967 2176 1027 bominum
2194 965 2501 1047 explorato
2525 965 2632 1024 ha-

652 1052 657 1056 *
752 1065 902 1136 bitu,
926 1074 1206 1145 tanquam
1230 1067 1415 1127 omnis
1436 1065 1698 1126 victoriae
1718 1086 1851 1145 spes
1871 1065 1929 1123 in
1947 1062 2242 1124 eeleritate
2258 1063 2446 1143 posita
2460 1071 2632 1131 esset,

752 1171 974 1240 quanta
1011 1162 1270 1221 maxima
1312 1161 1678 1222 festinatione
1721 1170 1971 1241 poterat,
2005 1160 2170 1239 signa
2207 1157 2401 1219 inferri
2436 1158 2635 1238 jussit.

756 1256 943 1338 Apud
976 1256 1270 1318 Samnites
1309 1278 1347 1317 a
1388 1259 1506 1319 suis
1536 1258 1905 1340 praemonitos
1945 1257 2142 1316 omnia
2168 1255 2638 1335 circumspectius

756 1363 891 1414 acta
929 1363 1096 1414 sunt:
1154 1356 1391 1436 praecipi
1426 1363 1754 1439 opportuna
1789 1353 1943 1424 loca,
1974 1353 2116 1413 strui
2150 1353 2328 1423 acies,
2369 1350 2640 1431 alloquiis

756 1448 970 1509 ducum
1020 1450 1263 1510 accendi
1312 1450 1511 1512 militis
1542 1452 1723 1511 animi
1760 1458 2090 1531 potuerunt.
2175 1448 2366 1528 Igitur
2398 1456 2639 1509 eventus

759 1545 944 1626 praelii
969 1546 1159 1627 qualis
1182 1566 1306 1607 esse
1328 1547 1534 1607 debuit
1555 1547 1686 1608 fuit.
1771 1546 1979 1606 Fessos
2013 1565 2090 1605 ex
2122 1545 2323 1604 itinere
2343 1552 2410 1604 et
2444 1564 2636 1615 cursu,

758 1642 1004 1703 turbatis
1025 1642 1342 1716 ordinibus,
1367 1653 1649 1723 tanquam
1690 1643 1767 1703 ad
1801 1642 2059 1724 praedam
2085 1642 2271 1720 magis
2293 1660 2471 1721 quam
2496 1660 2639 1721 pug-

761 1758 897 1798 nam
936 1740 1252 1812 venientes,
1294 1740 1602 1800 instructus
1643 1749 1992 1821 paratusque
2027 1737 2193 1797 miles
2232 1736 2391 1796 haud
2431 1755 2643 1815 magno

470 1840 669 1918 Entrop.
689 1840 739 1917 ⁸1.
761 1835 995 1913 negotio
1015 1835 1272 1917 pepulit:
1294 1836 1535 1908 Fabius,
1553 1833 1894 1896 desideratis
1907 1853 2138 1894 suorum
2165 1832 2422 1893 millibus
2437 1833 2641 1902 tribus,

439 1905 739 2026 mai}
761 1933 985 2010 majore
1026 1932 1203 1991 etiam
1228 1952 1465 1993 numero
1487 1933 1835 2003 sauciorum,
1860 1931 2165 2011 quominus
2178 1950 2407 1990 omnem
2421 1929 2647 1989 exerci-

442 2039 584 2098 εψοε.
763 2035 888 2087 tum
913 2028 1205 2089 amitteret
1226 2038 1571 2110 superventu
1597 2029 1784 2089 noctis
1806 2026 2077 2088 defensus
2095 2035 2206 2088 est.

849 2130 909 2185 3.
953 2122 1105 2185 Tum
1130 2124 1260 2186 loco
1285 2125 1464 2206 paulo
1490 2125 1742 2205 aequiore
1767 2132 1965 2204 capto,
1991 2132 2276 2204 quantum
2318 2122 2377 2182 in
2401 2120 2508 2182 illa
2532 2132 2647 2183 tre-

769 2220 1063 2302 pidatione
1104 2220 1231 2282 fieri
1271 2223 1479 2303 potuit,
1521 2230 1713 2281 castra
1735 2221 2093 2282 communita
2124 2228 2298 2283 sunt:
2339 2219 2399 2278 in
2440 2220 2652 2299 quibus

768 2316 926 2377 haud
953 2316 1136 2378 multo
1160 2318 1363 2378 melior
1383 2338 1563 2399 quam
1604 2318 1662 2377 in
1684 2319 1811 2399 ipsa
1834 2318 1960 2379 acie
1985 2327 2090 2378 aut
2114 2317 2297 2379 facies
2318 2338 2528 2391 rerum,
2546 2326 2651 2378 aut

768 2411 986 2473 fiducia
1024 2415 1343 2475 animorum
1382 2415 1534 2475 fuit:
1579 2434 1691 2474 non
1732 2415 1958 2494 requies
1981 2414 2165 2485 fessis,
2197 2435 2310 2475 non
2333 2416 2500 2474 cibus
2519 2434 2650 2474 esu-

769 2509 1067 2583 rientibus,
1112 2530 1226 2571 non
1257 2511 1517 2571 fomenta
1547 2512 1757 2579 sauciis
1788 2511 2207 2592 suppetebant:
2250 2519 2476 2571 tantum
2516 2530 2653 2571 cum

770 2607 944 2666 armis
967 2608 1199 2686 egressi,
1228 2609 1511 2689 prioribus
1542 2609 1602 2667 in
1631 2607 1834 2668 castris
1865 2606 2277 2688 impedimenta
2300 2608 2495 2667 omnia
2518 2605 2655 2667 reli-

771 2712 1035 2780 querant.
1120 2703 1312 2783 Igitur
1335 2705 1482 2765 inter
1506 2705 1754 2783 gemitus
1781 2704 2144 2764 morientium
2178 2714 2241 2764 et
2269 2703 2534 2783 querelas
2555 2724 2654 2762 su-

773 2798 1070 2873 perstitum
1099 2808 1225 2859 tota
1265 2821 1385 2861 nox
1415 2810 1631 2860 exacta
1654 2809 1763 2869 est,
1790 2799 2055 2858 omnibus
2085 2800 2475 2860 imminentem
2497 2799 2656 2860 diem

772 2910 907 2950 cum
945 2892 1175 2953 horrore
1206 2914 1279 2954 sc
1302 2893 1726 2974 desperatione,
1744 2903 1810 2953 ut
1831 2914 2180 2974 supremam,
2207 2896 2657 2977 opperientibus.

776 2996 791 3019 ‘
818 2984 1037 3066 Neque
1057 2989 1212 3048 enim
1240 2989 1535 3049 laboribus
1557 2990 1756 3063 fessos,
1788 2989 2103 3051 exhaustos
2141 2991 2374 3071 vigiliis,
2406 2991 2658 3054 vulneri-

776 3081 884 3140 bus
906 3081 1152 3156 debiles,
1169 3085 1463 3167 perculsos
1478 3084 1696 3145 infelici
1713 3085 1939 3167 praelio,
1956 3107 2195 3148 numero
2209 3088 2385 3149 etiam
2411 3088 2659 3150 multum

776 3177 1098 3252 imminuto,
1124 3182 1382 3243 resistere
1408 3203 1577 3263 posse
1618 3182 1898 3254 hostibus,
1932 3204 2079 3264 quos
2111 3184 2414 3245 incolumis
2443 3185 2658 3259 adhuc,

778 3273 1013 3353 integris
1036 3277 1243 3338 animis
1265 3280 1737 3361 corporibusque,
1754 3289 1819 3340 et
1829 3280 2054 3361 optima
2068 3301 2170 3361 spe
2187 3281 2473 3352 incensus,
2491 3302 2660 3342 exer-

776 3370 929 3430 citus
950 3374 1227 3438 sustinere
1255 3376 1647 3456 nequivisset!
1727 3375 1938 3437 Rebus
1966 3377 2363 3448 conclamatis,
2389 3377 2476 3437 uti
2490 3377 2661 3451 solet,

779 3467 1097 3530 remedium
1133 3472 1210 3531 ab
1250 3472 1433 3533 hostis
1465 3493 1656 3535 errore
1700 3473 1832 3536 fuit.
1944 3472 2061 3533 Ille
2100 3474 2382 3534 venientis
2430 3472 2667 3535 alterius

491 3571 708 3620 zonaru-
779 3564 1030 3626 consulis
1053 3566 1251 3630 fama‘
1278 3570 1629 3652 perterritus,
1646 3591 1743 3641 ne,
1768 3570 1816 3630 si
1831 3579 2373 3651 oppugnarecastra
2395 3570 2666 3633 Fabiana

845 3755 868 3790 ὃ
908 3756 1155 3808 Venient&
1170 3761 1367 3811 alterius
1382 3762 1585 3812 consulis
1598 3761 1683 3822 sa·
1765 3760 1818 3809 ln
1842 3760 1965 3810 urbe
1991 3760 2175 3824 prelio
2193 3774 2295 3811 non
2316 3759 2539 3812 affuisse.
2594 3763 2670 3812 At

780 3820 881 3885 Μ]
915 3823 1160 3884 Ζοιιιω,
1198 3840 1349 3887 quem
1392 3826 1477 3876 bic
1508 3835 1685 3877 ancto-
1765 3826 1911 3876 Fabii
1938 3825 2072 3876 Rulli
2104 3827 2412 3876 mentionem
2434 3826 2667 3877 hocloco

783 3898 890 3935 rem
913 3889 1104 3951 alleg-t
1121 3889 1509 3947 Freinshemius,
1526 3892 1686 3954 patris
1767 3888 1941 3940 facere
1995 3903 2096 3939 non
2151 3899 2359 3967 poteret
2401 3892 2673 3944 Freinshe-

785 3949 945 4008 Fabii,
979 3967 1130 4016 quem
1174 3968 1338 4018 prope
1371 3968 1487 4005 esse
1535 3962 1685 4019 puta·
1766 3956 1916 4012 mius,
1940 3955 2103 4020 quiin
2132 3955 2194 4005 iis
2227 3970 2339 4020 qun
2365 3955 2671 4020 procedunt

786 4015 930 4074 bant,
953 4027 1095 4066 metu
1119 4021 1395 4070 recessisse
1425 4021 1685 4070 Samnites
1765 4020 1891 4070 alios
1915 4027 2156 4072 auctores
2173 4026 2398 4082 secutus,
2418 4028 2536 4084 post
2566 4021 2669 4073 els-

785 4080 986 4138 scribit‚
1020 4083 1140 4145 quin
1167 4083 1406 4135 nimirum
1431 4085 1542 4149 jam
1564 4084 1685 4134 inde
1765 4085 1882 4135 dem
1918 4084 2122 4133 demum
2147 4083 2366 4134 Romani
2389 4086 2670 4149 exereitus,

785 4142 850 4192 ab
899 4144 1045 4196 initio
1087 4149 1206 4198 anni
1260 4150 1485 4213 legatum
1524 4147 1687 4200 fuisse
1765 4156 1822 4199 et
1858 4149 2163 4199 Samnitium
2208 4149 2492 4211 victoriam,
2531 4152 2669 4215 lega·

788 4205 893 4260 fluo
910 4217 1109 4276 patrem
1127 4213 1358 4279 tradidit,
1375 4220 1431 4266 et
1447 4214 1686 4267 relictum
1768 4221 1880 4265 tum
1930 4212 2036 4266 filio
2087 4213 2243 4266 ivisse
2299 4214 2508 4267 Rullum
2560 4230 2666 4267 nie·
