<?xml version="1.0" encoding="UTF-8"?>
<!DOCTYPE html PUBLIC "-//W3C//DTD XHTML 1.0 Transitional//EN"
    "http://www.w3.org/TR/xhtml1/DTD/xhtml1-transitional.dtd">
<html xmlns="http://www.w3.org/1999/xhtml" xml:lang="en" lang="en">
 <head>
  <title>
</title>
<meta http-equiv="Content-Type" content="text/html;charset=utf-8" />
  <meta name='ocr-system' content='tesseract 3.04.00' />
  <meta name='ocr-capabilities' content='ocr_page ocr_carea ocr_par ocr_line ocrx_word'/>
</head>
<body>
  <div class='ocr_page' id='page_1' title='image "./tliviipatavinih04unkngoog_0134.png"; bbox 0 0 3025 4892; ppageno 0'>
   <div class='ocr_carea' id='block_1_1' title="bbox 483 353 656 420">
    <p class='ocr_par' dir='ltr' id='par_1_1' title="bbox 483 353 656 420">
     <span class='ocr_line' id='line_1_1' title="bbox 483 353 656 420; baseline -0.006 0"><span class='ocrx_word' id='word_1_1' title='bbox 483 353 656 420; x_wconf 76' lang='lat'>1514</span> 
     </span>
    </p>
   </div>
   <div class='ocr_carea' id='block_1_2' title="bbox 1432 345 1761 416">
    <p class='ocr_par' dir='ltr' id='par_1_2' title="bbox 1432 345 1761 416">
     <span class='ocr_line' id='line_1_2' title="bbox 1432 345 1761 416; baseline -0.009 -3"><span class='ocrx_word' id='word_1_2' title='bbox 1432 366 1501 416; x_wconf 79' lang='grc' dir='ltr'>Τ.</span> <span class='ocrx_word' id='word_1_3' title='bbox 1554 345 1761 412; x_wconf 56' lang='lat' dir='ltr'>mvn</span> 
     </span>
    </p>
   </div>
   <div class='ocr_carea' id='block_1_3' title="bbox 799 502 2704 1170">
    <p class='ocr_par' dir='ltr' id='par_1_3' title="bbox 799 502 2704 1170">
     <span class='ocr_line' id='line_1_3' title="bbox 808 502 2702 585; baseline -0.005 -11"><span class='ocrx_word' id='word_1_4' title='bbox 808 509 1099 574; x_wconf 86' lang='lat' dir='ltr'>Claudius</span> <span class='ocrx_word' id='word_1_5' title='bbox 1147 518 1166 549; x_wconf 89' lang='lat'>‘</span> <span class='ocrx_word' id='word_1_6' title='bbox 1193 510 1439 570; x_wconf 86' lang='lat' dir='ltr'>liberam</span> <span class='ocrx_word' id='word_1_7' title='bbox 1489 508 1674 571; x_wconf 83' lang='lat' dir='ltr'>videri</span> <span class='ocrx_word' id='word_1_8' title='bbox 1724 505 2048 576; x_wconf 82' lang='lat' dir='ltr'>civitatem,</span> <span class='ocrx_word' id='word_1_9' title='bbox 2103 503 2163 564; x_wconf 88' lang='lat' dir='ltr'>in</span> <span class='ocrx_word' id='word_1_10' title='bbox 2205 523 2326 585; x_wconf 90' lang='lat' dir='ltr'>qua</span> <span class='ocrx_word' id='word_1_11' title='bbox 2368 502 2702 584; x_wconf 78' lang='lat' dir='ltr'>praesidium</span> 
     </span>
     <span class='ocr_line' id='line_1_4' title="bbox 804 600 2703 689; baseline -0.005 -19"><span class='ocrx_word' id='word_1_12' title='bbox 804 610 1015 671; x_wconf 80' lang='lat' dir='ltr'>alienae</span> <span class='ocrx_word' id='word_1_13' title='bbox 1056 609 1245 689; x_wconf 83' lang='lat' dir='ltr'>gentis</span> <span class='ocrx_word' id='word_1_14' title='bbox 1285 628 1399 669; x_wconf 89' lang='lat' dir='ltr'>non</span> <span class='ocrx_word' id='word_1_15' title='bbox 1445 615 1651 688; x_wconf 82' lang='lat' dir='ltr'>sponte</span> <span class='ocrx_word' id='word_1_16' title='bbox 1693 603 2123 686; x_wconf 78' lang='lat' dir='ltr'>oppidanorum</span> <span class='ocrx_word' id='word_1_17' title='bbox 2166 602 2408 680; x_wconf 83' lang='lat' dir='ltr'>ageret.&#39;</span> <span class='ocrx_word' id='word_1_18' title='bbox 2493 600 2601 661; x_wconf 87' lang='lat' dir='ltr'>Ad</span> <span class='ocrx_word' id='word_1_19' title='bbox 2627 622 2703 662; x_wconf 87' lang='lat' dir='ltr'>ea</span> 
     </span>
     <span class='ocr_line' id='line_1_5' title="bbox 802 697 2704 787; baseline -0.006 -17"><span class='ocrx_word' id='word_1_20' title='bbox 802 726 937 770; x_wconf 83' lang='lat' dir='ltr'>cum</span> <span class='ocrx_word' id='word_1_21' title='bbox 961 705 1337 787; x_wconf 78' lang='lat' dir='ltr'>responderet</span> <span class='ocrx_word' id='word_1_22' title='bbox 1359 724 1554 775; x_wconf 88' lang='lat' dir='ltr'>nemo,</span> <span class='ocrx_word' id='word_1_23' title='bbox 1598 702 1806 763; x_wconf 87' lang='lat' dir='ltr'>Poenis</span> <span class='ocrx_word' id='word_1_24' title='bbox 1830 720 1951 781; x_wconf 79' lang='lat' dir='ltr'>prae</span> <span class='ocrx_word' id='word_1_25' title='bbox 1985 700 2282 780; x_wconf 86' lang='lat' dir='ltr'>superbia,</span> <span class='ocrx_word' id='word_1_26' title='bbox 2328 697 2704 759; x_wconf 75' lang='lat' dir='ltr'>Mamertinis</span> 
     </span>
     <span class='ocr_line' id='line_1_6' title="bbox 802 794 2702 879; baseline -0.004 -16"><span class='ocrx_word' id='word_1_27' title='bbox 802 810 962 863; x_wconf 87' lang='lat' dir='ltr'>metu</span> <span class='ocrx_word' id='word_1_28' title='bbox 986 801 1337 872; x_wconf 85' lang='lat' dir='ltr'>tacentibus,</span> <span class='ocrx_word' id='word_1_29' title='bbox 1364 800 1453 860; x_wconf 82' lang='lat' dir='ltr'>vir</span> <span class='ocrx_word' id='word_1_30' title='bbox 1475 798 1641 861; x_wconf 85' lang='lat' dir='ltr'>vafer</span> <span class='ocrx_word' id='word_1_31' title='bbox 1665 807 1727 858; x_wconf 91' lang='lat' dir='ltr'>et</span> <span class='ocrx_word' id='word_1_32' title='bbox 1751 807 2031 879; x_wconf 86' lang='lat' dir='ltr'>promtus,</span> <span class='ocrx_word' id='word_1_33' title='bbox 2077 806 2093 832; x_wconf 92' lang='lat'>‘</span> <span class='ocrx_word' id='word_1_34' title='bbox 2125 794 2444 877; x_wconf 88' lang='lat' dir='ltr'>Apparet,&#39;</span> <span class='ocrx_word' id='word_1_35' title='bbox 2487 797 2702 877; x_wconf 89' lang='lat' dir='ltr'>inquit,</span> 
     </span>
     <span class='ocr_line' id='line_1_7' title="bbox 803 892 2700 979; baseline -0.004 -20"><span class='ocrx_word' id='word_1_36' title='bbox 803 907 822 934; x_wconf 84' lang='lat'>‘</span> <span class='ocrx_word' id='word_1_37' title='bbox 851 918 928 959; x_wconf 85' lang='lat' dir='ltr'>ex</span> <span class='ocrx_word' id='word_1_38' title='bbox 975 898 1086 960; x_wconf 86' lang='lat' dir='ltr'>hoc</span> <span class='ocrx_word' id='word_1_39' title='bbox 1137 898 1263 979; x_wconf 88' lang='lat' dir='ltr'>ipso</span> <span class='ocrx_word' id='word_1_40' title='bbox 1306 896 1538 956; x_wconf 86' lang='lat' dir='ltr'>silentio</span> <span class='ocrx_word' id='word_1_41' title='bbox 1583 904 1797 965; x_wconf 79' lang='lat' dir='ltr'>vestro,</span> <span class='ocrx_word' id='word_1_42' title='bbox 1842 892 2411 972; x_wconf 73' lang='lat' dir='ltr'>Carthaginiensium</span> <span class='ocrx_word' id='word_1_43' title='bbox 2460 912 2700 952; x_wconf 60' lang='lat' dir='ltr'>cauam</span> 
     </span>
     <span class='ocr_line' id='line_1_8' title="bbox 801 989 2701 1075; baseline -0.003 -20"><span class='ocrx_word' id='word_1_44' title='bbox 801 996 1098 1075; x_wconf 84' lang='lat' dir='ltr'>injustam,</span> <span class='ocrx_word' id='word_1_45' title='bbox 1139 1004 1203 1056; x_wconf 91' lang='lat' dir='ltr'>et</span> <span class='ocrx_word' id='word_1_46' title='bbox 1244 994 1631 1055; x_wconf 77' lang='lat' dir='ltr'>Mamertinos</span> <span class='ocrx_word' id='word_1_47' title='bbox 1678 992 1964 1052; x_wconf 80' lang='lat' dir='ltr'>libertatis</span> <span class='ocrx_word' id='word_1_48' title='bbox 2003 989 2209 1052; x_wconf 84' lang='lat' dir='ltr'>avidos</span> <span class='ocrx_word' id='word_1_49' title='bbox 2246 1011 2408 1050; x_wconf 84' lang='lat' dir='ltr'>esse:</span> <span class='ocrx_word' id='word_1_50' title='bbox 2450 1010 2611 1061; x_wconf 82' lang='lat' dir='ltr'>nam,</span> <span class='ocrx_word' id='word_1_51' title='bbox 2639 990 2701 1049; x_wconf 89' lang='lat' dir='ltr'>ni</span> 
     </span>
     <span class='ocr_line' id='line_1_9' title="bbox 799 1087 2703 1170; baseline -0.005 -16"><span class='ocrx_word' id='word_1_52' title='bbox 799 1093 883 1154; x_wconf 87' lang='lat' dir='ltr'>ita</span> <span class='ocrx_word' id='word_1_53' title='bbox 904 1091 1077 1163; x_wconf 80' lang='lat' dir='ltr'>foret,</span> <span class='ocrx_word' id='word_1_54' title='bbox 1115 1101 1178 1152; x_wconf 91' lang='lat' dir='ltr'>et</span> <span class='ocrx_word' id='word_1_55' title='bbox 1217 1090 1306 1151; x_wconf 91' lang='lat' dir='ltr'>illi</span> <span class='ocrx_word' id='word_1_56' title='bbox 1348 1090 1424 1151; x_wconf 83' lang='lat' dir='ltr'>de</span> <span class='ocrx_word' id='word_1_57' title='bbox 1450 1093 1587 1170; x_wconf 71' lang='lat' dir='ltr'>Jure</span> <span class='ocrx_word' id='word_1_58' title='bbox 1613 1110 1719 1149; x_wconf 89' lang='lat' dir='ltr'>suo</span> <span class='ocrx_word' id='word_1_59' title='bbox 1743 1087 2024 1148; x_wconf 83' lang='lat' dir='ltr'>disserere</span> <span class='ocrx_word' id='word_1_60' title='bbox 2052 1107 2168 1147; x_wconf 90' lang='lat' dir='ltr'>non</span> <span class='ocrx_word' id='word_1_61' title='bbox 2195 1095 2598 1166; x_wconf 77' lang='lat' dir='ltr'>gravarentur,</span> <span class='ocrx_word' id='word_1_62' title='bbox 2639 1094 2703 1146; x_wconf 85' lang='lat' dir='ltr'>et</span> 
     </span>
    </p>
   </div>
   <div class='ocr_carea' id='block_1_4' title="bbox 687 1182 2701 1266">
    <p class='ocr_par' dir='ltr' id='par_1_4' title="bbox 687 1182 2701 1266">
     <span class='ocr_line' id='line_1_10' title="bbox 687 1182 2701 1266; baseline -0.003 -18"><span class='ocrx_word' id='word_1_63' title='bbox 687 1207 692 1214; x_wconf 89' lang='lat'><strong>·</strong></span> <span class='ocrx_word' id='word_1_64' title='bbox 797 1188 914 1260; x_wconf 89' lang='lat' dir='ltr'>isti,</span> <span class='ocrx_word' id='word_1_65' title='bbox 937 1187 1122 1260; x_wconf 88' lang='lat' dir='ltr'>nulla,</span> <span class='ocrx_word' id='word_1_66' title='bbox 1144 1188 1192 1248; x_wconf 87' lang='lat' dir='ltr'>si</span> <span class='ocrx_word' id='word_1_67' title='bbox 1211 1208 1346 1248; x_wconf 88' lang='lat' dir='ltr'>cum</span> <span class='ocrx_word' id='word_1_68' title='bbox 1363 1185 1948 1266; x_wconf 75' lang='lat' dir='ltr'>Carthaginiensibus</span> <span class='ocrx_word' id='word_1_69' title='bbox 1964 1184 2267 1255; x_wconf 84' lang='lat' dir='ltr'>sentirent,</span> <span class='ocrx_word' id='word_1_70' title='bbox 2293 1182 2701 1244; x_wconf 83' lang='lat' dir='ltr'>dissimulandi</span> 
     </span>
    </p>
   </div>
   <div class='ocr_carea' id='block_1_5' title="bbox 791 1280 2703 1949">
    <p class='ocr_par' dir='ltr' id='par_1_5' title="bbox 791 1280 2703 1851">
     <span class='ocr_line' id='line_1_11' title="bbox 795 1280 2703 1365; baseline -0.004 -19"><span class='ocrx_word' id='word_1_71' title='bbox 795 1305 997 1357; x_wconf 83' lang='lat' dir='ltr'>eausa,</span> <span class='ocrx_word' id='word_1_72' title='bbox 1043 1284 1242 1365; x_wconf 82' lang='lat' dir='ltr'>palam</span> <span class='ocrx_word' id='word_1_73' title='bbox 1276 1293 1338 1344; x_wconf 91' lang='lat' dir='ltr'>et</span> <span class='ocrx_word' id='word_1_74' title='bbox 1377 1293 1579 1364; x_wconf 84' lang='lat' dir='ltr'>aperte</span> <span class='ocrx_word' id='word_1_75' title='bbox 1622 1281 1950 1342; x_wconf 89' lang='lat' dir='ltr'>institutum</span> <span class='ocrx_word' id='word_1_76' title='bbox 1995 1280 2229 1341; x_wconf 87' lang='lat' dir='ltr'>illorum</span> <span class='ocrx_word' id='word_1_77' title='bbox 2269 1281 2703 1361; x_wconf 60' lang='lat' dir='ltr'>approbarent!</span> 
     </span>
     <span class='ocr_line' id='line_1_12' title="bbox 797 1376 2702 1458; baseline -0.001 -18"><span class='ocrx_word' id='word_1_78' title='bbox 797 1379 906 1441; x_wconf 90' lang='lat' dir='ltr'>Ad</span> <span class='ocrx_word' id='word_1_79' title='bbox 947 1381 1075 1442; x_wconf 77' lang='lat' dir='ltr'>haec</span> <span class='ocrx_word' id='word_1_80' title='bbox 1119 1381 1302 1442; x_wconf 87' lang='lat' dir='ltr'>verba</span> <span class='ocrx_word' id='word_1_81' title='bbox 1352 1380 1586 1441; x_wconf 83' lang='lat' dir='ltr'>fremitu</span> <span class='ocrx_word' id='word_1_82' title='bbox 1644 1378 2135 1440; x_wconf 74' lang='lat' dir='ltr'>Mamertinorum</span> <span class='ocrx_word' id='word_1_83' title='bbox 2179 1385 2329 1449; x_wconf 87' lang='lat' dir='ltr'>orto,</span> <span class='ocrx_word' id='word_1_84' title='bbox 2362 1376 2702 1458; x_wconf 83' lang='lat' dir='ltr'>&#39;multisque</span> 
     </span>
     <span class='ocr_line' id='line_1_13' title="bbox 793 1476 2699 1555; baseline -0.002 -16"><span class='ocrx_word' id='word_1_85' title='bbox 793 1480 1115 1541; x_wconf 88' lang='lat' dir='ltr'>orationem</span> <span class='ocrx_word' id='word_1_86' title='bbox 1143 1479 1307 1539; x_wconf 89' lang='lat' dir='ltr'>illam</span> <span class='ocrx_word' id='word_1_87' title='bbox 1332 1488 1398 1539; x_wconf 95' lang='lat' dir='ltr'>ut</span> <span class='ocrx_word' id='word_1_88' title='bbox 1421 1499 1625 1539; x_wconf 86' lang='lat' dir='ltr'>veram</span> <span class='ocrx_word' id='word_1_89' title='bbox 1667 1487 1730 1539; x_wconf 89' lang='lat' dir='ltr'>et</span> <span class='ocrx_word' id='word_1_90' title='bbox 1766 1478 1985 1538; x_wconf 85' lang='lat' dir='ltr'>intimis</span> <span class='ocrx_word' id='word_1_91' title='bbox 2008 1476 2272 1537; x_wconf 84' lang='lat' dir='ltr'>sensibus</span> <span class='ocrx_word' id='word_1_92' title='bbox 2297 1477 2416 1536; x_wconf 84' lang='lat' dir='ltr'>suis</span> <span class='ocrx_word' id='word_1_93' title='bbox 2450 1496 2699 1555; x_wconf 85' lang='lat' dir='ltr'>congru-</span> 
     </span>
     <span class='ocr_line' id='line_1_14' title="bbox 791 1575 2699 1657; baseline -0.001 -21"><span class='ocrx_word' id='word_1_94' title='bbox 791 1585 987 1636; x_wconf 86' lang='lat' dir='ltr'>entem</span> <span class='ocrx_word' id='word_1_95' title='bbox 1002 1575 1402 1648; x_wconf 69' lang='lat' dir='ltr'>laudantibuS,</span> <span class='ocrx_word' id='word_1_96' title='bbox 1423 1575 1568 1636; x_wconf 86' lang='lat' dir='ltr'>satis</span> <span class='ocrx_word' id='word_1_97' title='bbox 1583 1577 1640 1636; x_wconf 92' lang='lat' dir='ltr'>in</span> <span class='ocrx_word' id='word_1_98' title='bbox 1663 1575 1972 1657; x_wconf 80' lang='lat' dir='ltr'>praesentia</span> <span class='ocrx_word' id='word_1_99' title='bbox 1986 1582 2317 1655; x_wconf 88' lang='lat' dir='ltr'>promotum</span> <span class='ocrx_word' id='word_1_100' title='bbox 2336 1593 2461 1633; x_wconf 84' lang='lat' dir='ltr'>esse</span> <span class='ocrx_word' id='word_1_101' title='bbox 2483 1582 2699 1654; x_wconf 84' lang='lat' dir='ltr'>putans</span> 
     </span>
     <span class='ocr_line' id='line_1_15' title="bbox 793 1670 2694 1755; baseline -0.002 -21"><span class='ocrx_word' id='word_1_102' title='bbox 793 1671 1123 1746; x_wconf 86' lang='lat' dir='ltr'>Romanus,</span> <span class='ocrx_word' id='word_1_103' title='bbox 1167 1672 1327 1755; x_wconf 88' lang='lat' dir='ltr'>quod</span> <span class='ocrx_word' id='word_1_104' title='bbox 1367 1673 1606 1733; x_wconf 84' lang='lat' dir='ltr'>habitus</span> <span class='ocrx_word' id='word_1_105' title='bbox 1649 1681 1846 1732; x_wconf 89' lang='lat' dir='ltr'>tamen</span> <span class='ocrx_word' id='word_1_106' title='bbox 1890 1671 2214 1731; x_wconf 87' lang='lat' dir='ltr'>animorum</span> <span class='ocrx_word' id='word_1_107' title='bbox 2249 1670 2694 1751; x_wconf 80' lang='lat' dir='ltr'>exploravisset,</span> 
     </span>
     <span class='ocr_line' id='line_1_16' title="bbox 792 1767 1542 1851; baseline 0 -21"><span class='ocrx_word' id='word_1_108' title='bbox 792 1767 1094 1850; x_wconf 80' lang='lat' dir='ltr'>Rhegium</span> <span class='ocrx_word' id='word_1_109' title='bbox 1118 1791 1408 1851; x_wconf 81' lang='lat' dir='ltr'>regressus</span> <span class='ocrx_word' id='word_1_110' title='bbox 1433 1779 1542 1831; x_wconf 84' lang='lat' dir='ltr'>est.</span> 
     </span>
    </p>

    <p class='ocr_par' dir='ltr' id='par_1_6' title="bbox 869 1865 2693 1949">
     <span class='ocr_line' id='line_1_17' title="bbox 869 1865 2693 1949; baseline -0.001 -22"><span class='ocrx_word' id='word_1_111' title='bbox 869 1874 972 1929; x_wconf 74' lang='lat'>26.</span> <span class='ocrx_word' id='word_1_112' title='bbox 1028 1866 1250 1948; x_wconf 86' lang='lat' dir='ltr'>Neque</span> <span class='ocrx_word' id='word_1_113' title='bbox 1293 1867 1480 1927; x_wconf 90' lang='lat' dir='ltr'>multo</span> <span class='ocrx_word' id='word_1_114' title='bbox 1522 1875 1656 1949; x_wconf 90' lang='lat' dir='ltr'>post</span> <span class='ocrx_word' id='word_1_115' title='bbox 1698 1865 1997 1926; x_wconf 88' lang='lat' dir='ltr'>adornatis</span> <span class='ocrx_word' id='word_1_116' title='bbox 2037 1885 2186 1946; x_wconf 88' lang='lat' dir='ltr'>quas</span> <span class='ocrx_word' id='word_1_117' title='bbox 2226 1865 2486 1925; x_wconf 84' lang='lat' dir='ltr'>habebat</span> <span class='ocrx_word' id='word_1_118' title='bbox 2525 1867 2693 1925; x_wconf 87' lang='lat' dir='ltr'>trire-</span> 
     </span>
    </p>
   </div>
   <div class='ocr_carea' id='block_1_6' title="bbox 735 1933 2695 2043">
    <p class='ocr_par' dir='ltr' id='par_1_7' title="bbox 735 1933 2695 2043">
     <span class='ocr_line' id='line_1_18' title="bbox 735 1933 2695 2043; baseline 0 -21"><span class='ocrx_word' id='word_1_119' title='bbox 735 1933 748 1946; x_wconf 48' lang='lat'><strong><em>⁹</em></strong></span> <span class='ocrx_word' id='word_1_120' title='bbox 790 1963 981 2024; x_wconf 87' lang='lat' dir='ltr'>mibus</span> <span class='ocrx_word' id='word_1_121' title='bbox 1005 1966 1255 2025; x_wconf 79' lang='lat' dir='ltr'>tentavit</span> <span class='ocrx_word' id='word_1_122' title='bbox 1278 1965 1617 2024; x_wconf 80' lang='lat' dir='ltr'>transitum:</span> <span class='ocrx_word' id='word_1_123' title='bbox 1661 1961 1765 2021; x_wconf 84' lang='lat' dir='ltr'>sed</span> <span class='ocrx_word' id='word_1_124' title='bbox 1794 1962 2116 2023; x_wconf 85' lang='lat' dir='ltr'>Poenorum</span> <span class='ocrx_word' id='word_1_125' title='bbox 2146 1960 2438 2043; x_wconf 79' lang='lat' dir='ltr'>praefectis</span> <span class='ocrx_word' id='word_1_126' title='bbox 2456 1970 2519 2021; x_wconf 90' lang='lat' dir='ltr'>et</span> <span class='ocrx_word' id='word_1_127' title='bbox 2542 1961 2695 2022; x_wconf 89' lang='lat' dir='ltr'>mul-</span> 
     </span>
    </p>
   </div>
   <div class='ocr_carea' id='block_1_7' title="bbox 775 2057 2697 4363">
    <p class='ocr_par' dir='ltr' id='par_1_8' title="bbox 775 2057 2697 3761">
     <span class='ocr_line' id='line_1_19' title="bbox 786 2057 2693 2137; baseline 0 -18"><span class='ocrx_word' id='word_1_128' title='bbox 786 2059 1038 2120; x_wconf 90' lang='lat' dir='ltr'>titudine</span> <span class='ocrx_word' id='word_1_129' title='bbox 1055 2061 1293 2119; x_wconf 84' lang='lat' dir='ltr'>navium</span> <span class='ocrx_word' id='word_1_130' title='bbox 1313 2068 1375 2119; x_wconf 90' lang='lat' dir='ltr'>et</span> <span class='ocrx_word' id='word_1_131' title='bbox 1389 2060 1446 2119; x_wconf 91' lang='lat' dir='ltr'>in</span> <span class='ocrx_word' id='word_1_132' title='bbox 1469 2058 1772 2117; x_wconf 87' lang='lat' dir='ltr'>maritimis</span> <span class='ocrx_word' id='word_1_133' title='bbox 1798 2058 1969 2117; x_wconf 90' lang='lat' dir='ltr'>rebus</span> <span class='ocrx_word' id='word_1_134' title='bbox 1983 2057 2223 2119; x_wconf 85' lang='lat' dir='ltr'>solertia</span> <span class='ocrx_word' id='word_1_135' title='bbox 2238 2058 2413 2137; x_wconf 80' lang='lat' dir='ltr'>longe</span> <span class='ocrx_word' id='word_1_136' title='bbox 2430 2057 2693 2130; x_wconf 82' lang='lat' dir='ltr'>inferior,</span> 
     </span>
     <span class='ocr_line' id='line_1_20' title="bbox 790 2153 2695 2234; baseline 0.001 -20"><span class='ocrx_word' id='word_1_137' title='bbox 790 2155 868 2214; x_wconf 84' lang='lat' dir='ltr'>ad</span> <span class='ocrx_word' id='word_1_138' title='bbox 920 2156 1047 2216; x_wconf 82' lang='lat' dir='ltr'>bsec</span> <span class='ocrx_word' id='word_1_139' title='bbox 1099 2153 1382 2215; x_wconf 85' lang='lat' dir='ltr'>fluctuum</span> <span class='ocrx_word' id='word_1_140' title='bbox 1448 2153 1679 2215; x_wconf 90' lang='lat' dir='ltr'>illorum</span> <span class='ocrx_word' id='word_1_141' title='bbox 1731 2154 2035 2225; x_wconf 80' lang='lat' dir='ltr'>violentia,</span> <span class='ocrx_word' id='word_1_142' title='bbox 2105 2175 2255 2234; x_wconf 89' lang='lat' dir='ltr'>quos</span> <span class='ocrx_word' id='word_1_143' title='bbox 2318 2164 2449 2215; x_wconf 88' lang='lat' dir='ltr'>orta</span> <span class='ocrx_word' id='word_1_144' title='bbox 2498 2156 2695 2215; x_wconf 88' lang='lat' dir='ltr'>subito</span> 
     </span>
     <span class='ocr_line' id='line_1_21' title="bbox 789 2251 2697 2334; baseline 0.001 -22"><span class='ocrx_word' id='word_1_145' title='bbox 789 2261 1105 2333; x_wconf 84' lang='lat' dir='ltr'>tempestas</span> <span class='ocrx_word' id='word_1_146' title='bbox 1139 2263 1350 2334; x_wconf 82' lang='lat' dir='ltr'>proeter</span> <span class='ocrx_word' id='word_1_147' title='bbox 1374 2251 1611 2313; x_wconf 90' lang='lat' dir='ltr'>solitum</span> <span class='ocrx_word' id='word_1_148' title='bbox 1636 2261 2112 2333; x_wconf 81' lang='lat' dir='ltr'>exasperaverat,</span> <span class='ocrx_word' id='word_1_149' title='bbox 2138 2252 2423 2333; x_wconf 87' lang='lat' dir='ltr'>repulsus,</span> <span class='ocrx_word' id='word_1_150' title='bbox 2468 2254 2697 2313; x_wconf 84' lang='lat' dir='ltr'>amissis</span> 
     </span>
     <span class='ocr_line' id='line_1_22' title="bbox 789 2347 2693 2430; baseline 0.002 -22"><span class='ocrx_word' id='word_1_151' title='bbox 789 2347 1017 2429; x_wconf 89' lang='lat' dir='ltr'>aliquot</span> <span class='ocrx_word' id='word_1_152' title='bbox 1057 2349 1406 2422; x_wconf 87' lang='lat' dir='ltr'>triremibus,</span> <span class='ocrx_word' id='word_1_153' title='bbox 1434 2349 1642 2409; x_wconf 87' lang='lat' dir='ltr'>ceteris</span> <span class='ocrx_word' id='word_1_154' title='bbox 1667 2369 1818 2428; x_wconf 80' lang='lat' dir='ltr'>aegre</span> <span class='ocrx_word' id='word_1_155' title='bbox 1845 2349 2112 2419; x_wconf 81' lang='lat' dir='ltr'>servatis,</span> <span class='ocrx_word' id='word_1_156' title='bbox 2157 2349 2214 2408; x_wconf 94' lang='lat' dir='ltr'>in</span> <span class='ocrx_word' id='word_1_157' title='bbox 2242 2359 2496 2430; x_wconf 88' lang='lat' dir='ltr'>portum,</span> <span class='ocrx_word' id='word_1_158' title='bbox 2536 2349 2693 2411; x_wconf 87' lang='lat' dir='ltr'>unde</span> 
     </span>
     <span class='ocr_line' id='line_1_23' title="bbox 785 2445 2697 2526; baseline 0.002 -21"><span class='ocrx_word' id='word_1_159' title='bbox 785 2446 1033 2516; x_wconf 81' lang='lat' dir='ltr'>exierat,</span> <span class='ocrx_word' id='word_1_160' title='bbox 1090 2445 1278 2506; x_wconf 88' lang='lat' dir='ltr'>rediit.</span> <span class='ocrx_word' id='word_1_161' title='bbox 1383 2445 1605 2526; x_wconf 88' lang='lat' dir='ltr'>Neque</span> <span class='ocrx_word' id='word_1_162' title='bbox 1657 2445 1965 2506; x_wconf 88' lang='lat' dir='ltr'>deterritus</span> <span class='ocrx_word' id='word_1_163' title='bbox 2013 2446 2127 2507; x_wconf 88' lang='lat' dir='ltr'>hoc</span> <span class='ocrx_word' id='word_1_164' title='bbox 2180 2446 2571 2519; x_wconf 86' lang='lat' dir='ltr'>incommodo,</span> <span class='ocrx_word' id='word_1_165' title='bbox 2628 2457 2697 2509; x_wconf 90' lang='lat' dir='ltr'>ut</span> 
     </span>
     <span class='ocr_line' id='line_1_24' title="bbox 786 2541 2691 2625; baseline 0.002 -24"><span class='ocrx_word' id='word_1_166' title='bbox 786 2542 1010 2602; x_wconf 89' lang='lat' dir='ltr'>meliori</span> <span class='ocrx_word' id='word_1_167' title='bbox 1039 2542 1158 2603; x_wconf 80' lang='lat' dir='ltr'>&#39;alia</span> <span class='ocrx_word' id='word_1_168' title='bbox 1182 2543 1620 2624; x_wconf 85' lang='lat' dir='ltr'>opportunitate</span> <span class='ocrx_word' id='word_1_169' title='bbox 1645 2541 1937 2602; x_wconf 86' lang='lat' dir='ltr'>fortunam</span> <span class='ocrx_word' id='word_1_170' title='bbox 1963 2544 2172 2604; x_wconf 87' lang='lat' dir='ltr'>iterum</span> <span class='ocrx_word' id='word_1_171' title='bbox 2192 2544 2444 2625; x_wconf 85' lang='lat' dir='ltr'>experiri</span> <span class='ocrx_word' id='word_1_172' title='bbox 2470 2556 2691 2624; x_wconf 83' lang='lat' dir='ltr'>posset,</span> 
     </span>
     <span class='ocr_line' id='line_1_25' title="bbox 784 2637 2691 2721; baseline 0.002 -23"><span class='ocrx_word' id='word_1_173' title='bbox 784 2659 964 2699; x_wconf 79' lang='lat' dir='ltr'>naves</span> <span class='ocrx_word' id='word_1_174' title='bbox 984 2637 1319 2708; x_wconf 80' lang='lat' dir='ltr'>reficiebat3</span> <span class='ocrx_word' id='word_1_175' title='bbox 1352 2660 1487 2700; x_wconf 86' lang='lat' dir='ltr'>cum</span> <span class='ocrx_word' id='word_1_176' title='bbox 1510 2640 1588 2700; x_wconf 89' lang='lat' dir='ltr'>ab</span> <span class='ocrx_word' id='word_1_177' title='bbox 1608 2637 1911 2699; x_wconf 88' lang='lat' dir='ltr'>Hannone</span> <span class='ocrx_word' id='word_1_178' title='bbox 1939 2640 2018 2717; x_wconf 90' lang='lat' dir='ltr'>(is</span> <span class='ocrx_word' id='word_1_179' title='bbox 2038 2640 2397 2700; x_wconf 85' lang='lat' dir='ltr'>Mamertino</span> <span class='ocrx_word' id='word_1_180' title='bbox 2416 2640 2691 2721; x_wconf 75' lang='lat' dir='ltr'>praesidio</span> 
     </span>
     <span class='ocr_line' id='line_1_26' title="bbox 782 2734 2687 2817; baseline 0.001 -21"><span class='ocrx_word' id='word_1_181' title='bbox 782 2734 1034 2815; x_wconf 85' lang='lat' dir='ltr'>fretique</span> <span class='ocrx_word' id='word_1_182' title='bbox 1059 2736 1340 2797; x_wconf 77' lang='lat' dir='ltr'>custodiae</span> <span class='ocrx_word' id='word_1_183' title='bbox 1368 2738 1640 2817; x_wconf 65' lang='lat' dir='ltr'>praeerat)</span> <span class='ocrx_word' id='word_1_184' title='bbox 1662 2744 1945 2796; x_wconf 85' lang='lat' dir='ltr'>venerunt</span> <span class='ocrx_word' id='word_1_185' title='bbox 1970 2736 2177 2807; x_wconf 88' lang='lat' dir='ltr'>nuntii,</span> <span class='ocrx_word' id='word_1_186' title='bbox 2205 2736 2490 2817; x_wconf 88' lang='lat' dir='ltr'>quicquid</span> <span class='ocrx_word' id='word_1_187' title='bbox 2518 2739 2687 2798; x_wconf 87' lang='lat' dir='ltr'>trire-</span> 
     </span>
     <span class='ocr_line' id='line_1_27' title="bbox 782 2832 2688 2914; baseline 0.002 -23"><span class='ocrx_word' id='word_1_188' title='bbox 782 2832 965 2891; x_wconf 88' lang='lat' dir='ltr'>mium</span> <span class='ocrx_word' id='word_1_189' title='bbox 1019 2832 1397 2892; x_wconf 80' lang='lat' dir='ltr'>hominumve</span> <span class='ocrx_word' id='word_1_190' title='bbox 1450 2833 1743 2912; x_wconf 87' lang='lat' dir='ltr'>superiore</span> <span class='ocrx_word' id='word_1_191' title='bbox 1793 2832 2109 2892; x_wconf 85' lang='lat' dir='ltr'>certamine</span> <span class='ocrx_word' id='word_1_192' title='bbox 2156 2832 2337 2894; x_wconf 83' lang='lat' dir='ltr'>Poeni</span> <span class='ocrx_word' id='word_1_193' title='bbox 2386 2844 2688 2914; x_wconf 86' lang='lat' dir='ltr'>ceperant,</span> 
     </span>
     <span class='ocr_line' id='line_1_28' title="bbox 782 2926 2684 3009; baseline 0.001 -21"><span class='ocrx_word' id='word_1_194' title='bbox 782 2926 1159 2988; x_wconf 85' lang='lat' dir='ltr'>adducentes.</span> <span class='ocrx_word' id='word_1_195' title='bbox 1246 2926 1507 3008; x_wconf 84' lang='lat' dir='ltr'>Cupiens</span> <span class='ocrx_word' id='word_1_196' title='bbox 1533 2930 1689 2988; x_wconf 89' lang='lat' dir='ltr'>enim</span> <span class='ocrx_word' id='word_1_197' title='bbox 1731 2927 2014 2996; x_wconf 70' lang='lat' dir='ltr'>foederum</span> <span class='ocrx_word' id='word_1_198' title='bbox 2055 2938 2355 3009; x_wconf 89' lang='lat' dir='ltr'>ruptorum</span> <span class='ocrx_word' id='word_1_199' title='bbox 2381 2928 2684 2990; x_wconf 80' lang='lat' dir='ltr'>infamiam</span> 
     </span>
     <span class='ocr_line' id='line_1_29' title="bbox 783 3021 2685 3106; baseline 0.002 -23"><span class='ocrx_word' id='word_1_200' title='bbox 783 3021 1077 3083; x_wconf 86' lang='lat' dir='ltr'>Romanis</span> <span class='ocrx_word' id='word_1_201' title='bbox 1104 3023 1441 3104; x_wconf 82' lang='lat' dir='ltr'>impingere,</span> <span class='ocrx_word' id='word_1_202' title='bbox 1470 3024 1779 3085; x_wconf 88' lang='lat' dir='ltr'>consilium</span> <span class='ocrx_word' id='word_1_203' title='bbox 1808 3025 1919 3086; x_wconf 86' lang='lat' dir='ltr'>hoc</span> <span class='ocrx_word' id='word_1_204' title='bbox 1947 3024 2259 3106; x_wconf 82' lang='lat' dir='ltr'>amplexus</span> <span class='ocrx_word' id='word_1_205' title='bbox 2282 3034 2410 3085; x_wconf 88' lang='lat' dir='ltr'>erat</span> <span class='ocrx_word' id='word_1_206' title='bbox 2430 3024 2685 3098; x_wconf 85' lang='lat' dir='ltr'>Hanno,</span> 
     </span>
     <span class='ocr_line' id='line_1_30' title="bbox 780 3119 2684 3201; baseline 0.002 -21"><span class='ocrx_word' id='word_1_207' title='bbox 780 3130 1135 3200; x_wconf 86' lang='lat' dir='ltr'>questusque</span> <span class='ocrx_word' id='word_1_208' title='bbox 1170 3121 1413 3201; x_wconf 83' lang='lat' dir='ltr'>possessi</span> <span class='ocrx_word' id='word_1_209' title='bbox 1441 3119 2030 3199; x_wconf 80' lang='lat' dir='ltr'>Carthaginiensibus</span> <span class='ocrx_word' id='word_1_210' title='bbox 2071 3121 2223 3182; x_wconf 88' lang='lat' dir='ltr'>freti</span> <span class='ocrx_word' id='word_1_211' title='bbox 2249 3141 2351 3201; x_wconf 89' lang='lat' dir='ltr'>per</span> <span class='ocrx_word' id='word_1_212' title='bbox 2392 3122 2513 3182; x_wconf 86' lang='lat' dir='ltr'>vim</span> <span class='ocrx_word' id='word_1_213' title='bbox 2555 3132 2684 3184; x_wconf 83' lang='lat' dir='ltr'>ten·</span> 
     </span>
     <span class='ocr_line' id='line_1_31' title="bbox 778 3216 2685 3298; baseline 0.001 -21"><span class='ocrx_word' id='word_1_214' title='bbox 778 3225 966 3277; x_wconf 84' lang='lat' dir='ltr'>tatam</span> <span class='ocrx_word' id='word_1_215' title='bbox 1019 3217 1450 3296; x_wconf 86' lang='lat' dir='ltr'>navigationem</span> <span class='ocrx_word' id='word_1_216' title='bbox 1502 3237 1649 3289; x_wconf 88' lang='lat' dir='ltr'>esse,</span> <span class='ocrx_word' id='word_1_217' title='bbox 1705 3217 1785 3277; x_wconf 88' lang='lat' dir='ltr'>ad</span> <span class='ocrx_word' id='word_1_218' title='bbox 1827 3237 2032 3298; x_wconf 87' lang='lat' dir='ltr'>pacem</span> <span class='ocrx_word' id='word_1_219' title='bbox 2085 3227 2148 3278; x_wconf 85' lang='lat' dir='ltr'>et</span> <span class='ocrx_word' id='word_1_220' title='bbox 2201 3216 2421 3277; x_wconf 86' lang='lat' dir='ltr'>foedera</span> <span class='ocrx_word' id='word_1_221' title='bbox 2455 3219 2685 3298; x_wconf 79' lang='lat' dir='ltr'>-majori</span> 
     </span>
     <span class='ocr_line' id='line_1_32' title="bbox 777 3311 2693 3394; baseline 0.001 -22"><span class='ocrx_word' id='word_1_222' title='bbox 777 3311 1056 3394; x_wconf 78' lang='lat' dir='ltr'>deinceps</span> <span class='ocrx_word' id='word_1_223' title='bbox 1078 3334 1219 3376; x_wconf 88' lang='lat' dir='ltr'>cura</span> <span class='ocrx_word' id='word_1_224' title='bbox 1243 3311 1530 3374; x_wconf 77' lang='lat' dir='ltr'>servanda</span> <span class='ocrx_word' id='word_1_225' title='bbox 1550 3314 1948 3394; x_wconf 86' lang='lat' dir='ltr'>provocabat:</span> <span class='ocrx_word' id='word_1_226' title='bbox 1977 3313 2083 3374; x_wconf 87' lang='lat' dir='ltr'>sed</span> <span class='ocrx_word' id='word_1_227' title='bbox 2103 3314 2331 3384; x_wconf 87' lang='lat' dir='ltr'>audito,</span> <span class='ocrx_word' id='word_1_228' title='bbox 2361 3312 2693 3376; x_wconf 90' lang='lat' dir='ltr'>Claudium.</span> 
     </span>
     <span class='ocr_line' id='line_1_33' title="bbox 779 3408 2681 3491; baseline 0.001 -21"><span class='ocrx_word' id='word_1_229' title='bbox 779 3409 970 3470; x_wconf 86' lang='lat' dir='ltr'>nullas</span> <span class='ocrx_word' id='word_1_230' title='bbox 1021 3410 1388 3471; x_wconf 82' lang='lat' dir='ltr'>conditiones</span> <span class='ocrx_word' id='word_1_231' title='bbox 1439 3408 1769 3480; x_wconf 78' lang='lat' dir='ltr'>admittere,</span> <span class='ocrx_word' id='word_1_232' title='bbox 1838 3411 1946 3469; x_wconf 90' lang='lat' dir='ltr'>nisi</span> <span class='ocrx_word' id='word_1_233' title='bbox 2016 3410 2298 3472; x_wconf 64' lang='lat' dir='ltr'>Meaeana</span> <span class='ocrx_word' id='word_1_234' title='bbox 2348 3410 2681 3491; x_wconf 64' lang='lat' dir='ltr'>prasidium</span> 
     </span>
     <span class='ocr_line' id='line_1_34' title="bbox 775 3505 2681 3587; baseline 0.003 -22"><span class='ocrx_word' id='word_1_235' title='bbox 775 3505 1181 3578; x_wconf 83' lang='lat' dir='ltr'>deduceretur,</span> <span class='ocrx_word' id='word_1_236' title='bbox 1228 3506 1481 3586; x_wconf 81' lang='lat' dir='ltr'>fretique</span> <span class='ocrx_word' id='word_1_237' title='bbox 1518 3508 1926 3587; x_wconf 83' lang='lat' dir='ltr'>trajectionem</span> <span class='ocrx_word' id='word_1_238' title='bbox 1971 3507 2179 3568; x_wconf 88' lang='lat' dir='ltr'>iterum</span> <span class='ocrx_word' id='word_1_239' title='bbox 2222 3507 2434 3578; x_wconf 82' lang='lat' dir='ltr'>moliri,</span> <span class='ocrx_word' id='word_1_240' title='bbox 2476 3509 2681 3570; x_wconf 82' lang='lat' dir='ltr'>excla-</span> 
     </span>
     <span class='ocr_line' id='line_1_35' title="bbox 776 3602 2685 3686; baseline 0.003 -25"><span class='ocrx_word' id='word_1_241' title='bbox 776 3602 982 3673; x_wconf 86' lang='lat' dir='ltr'>mavit,</span> <span class='ocrx_word' id='word_1_242' title='bbox 1027 3612 1044 3638; x_wconf 88' lang='lat'>‘</span> <span class='ocrx_word' id='word_1_243' title='bbox 1074 3623 1135 3662; x_wconf 87' lang='lat' dir='ltr'>se</span> <span class='ocrx_word' id='word_1_244' title='bbox 1162 3622 1301 3664; x_wconf 79' lang='lat' dir='ltr'>vero</span> <span class='ocrx_word' id='word_1_245' title='bbox 1328 3621 1441 3664; x_wconf 89' lang='lat' dir='ltr'>non</span> <span class='ocrx_word' id='word_1_246' title='bbox 1467 3617 1592 3665; x_wconf 84' lang='lat' dir='ltr'>esse</span> <span class='ocrx_word' id='word_1_247' title='bbox 1621 3623 1947 3686; x_wconf 81' lang='lat' dir='ltr'>passurum,</span> <span class='ocrx_word' id='word_1_248' title='bbox 1976 3613 2043 3664; x_wconf 91' lang='lat' dir='ltr'>ut</span> <span class='ocrx_word' id='word_1_249' title='bbox 2068 3603 2331 3665; x_wconf 86' lang='lat' dir='ltr'>Romani</span> <span class='ocrx_word' id='word_1_250' title='bbox 2352 3603 2449 3668; x_wconf 80' lang='lat' dir='ltr'>vel</span> <span class='ocrx_word' id='word_1_251' title='bbox 2472 3625 2685 3667; x_wconf 82' lang='lat' dir='ltr'>manus</span> 
     </span>
     <span class='ocr_line' id='line_1_36' title="bbox 778 3698 1517 3761; baseline 0.007 -5"><span class='ocrx_word' id='word_1_252' title='bbox 778 3698 837 3758; x_wconf 86' lang='lat' dir='ltr'>in</span> <span class='ocrx_word' id='word_1_253' title='bbox 865 3699 978 3759; x_wconf 88' lang='lat' dir='ltr'>isto</span> <span class='ocrx_word' id='word_1_254' title='bbox 1003 3699 1147 3758; x_wconf 90' lang='lat' dir='ltr'>mari</span> <span class='ocrx_word' id='word_1_255' title='bbox 1174 3698 1517 3761; x_wconf 88' lang='lat' dir='ltr'>abluerent.&#39;</span> 
     </span>
    </p>

    <p class='ocr_par' dir='ltr' id='par_1_9' title="bbox 775 3795 2679 4363">
     <span class='ocr_line' id='line_1_37' title="bbox 862 3795 2679 3880; baseline 0.002 -21"><span class='ocrx_word' id='word_1_256' title='bbox 862 3801 965 3859; x_wconf 78' lang='lat'>27.</span> <span class='ocrx_word' id='word_1_257' title='bbox 997 3795 1230 3876; x_wconf 79' lang='lat' dir='ltr'>&#39;Neque</span> <span class='ocrx_word' id='word_1_258' title='bbox 1255 3806 1453 3858; x_wconf 87' lang='lat' dir='ltr'>tamen</span> <span class='ocrx_word' id='word_1_259' title='bbox 1477 3798 1785 3879; x_wconf 81' lang='lat' dir='ltr'>&#39;prohibere</span> <span class='ocrx_word' id='word_1_260' title='bbox 1814 3799 2031 3880; x_wconf 88' lang='lat' dir='ltr'>potuit,</span> <span class='ocrx_word' id='word_1_261' title='bbox 2057 3797 2199 3879; x_wconf 89' lang='lat' dir='ltr'>quin</span> <span class='ocrx_word' id='word_1_262' title='bbox 2226 3796 2544 3871; x_wconf 87' lang='lat' dir='ltr'>Claudius,</span> <span class='ocrx_word' id='word_1_263' title='bbox 2571 3801 2679 3862; x_wconf 87' lang='lat' dir='ltr'>ob-</span> 
     </span>
     <span class='ocr_line' id='line_1_38' title="bbox 782 3892 2677 3976; baseline 0.004 -25"><span class='ocrx_word' id='word_1_264' title='bbox 782 3900 1015 3952; x_wconf 82' lang='lat' dir='ltr'>servata</span> <span class='ocrx_word' id='word_1_265' title='bbox 1052 3892 1186 3953; x_wconf 81' lang='lat' dir='ltr'>freti</span> <span class='ocrx_word' id='word_1_266' title='bbox 1232 3903 1461 3966; x_wconf 88' lang='lat' dir='ltr'>natura,</span> <span class='ocrx_word' id='word_1_267' title='bbox 1506 3904 1865 3976; x_wconf 83' lang='lat' dir='ltr'>captatoque</span> <span class='ocrx_word' id='word_1_268' title='bbox 1907 3906 2168 3976; x_wconf 85' lang='lat' dir='ltr'>tempore</span> <span class='ocrx_word' id='word_1_269' title='bbox 2208 3914 2344 3955; x_wconf 87' lang='lat' dir='ltr'>cum</span> <span class='ocrx_word' id='word_1_270' title='bbox 2385 3895 2677 3976; x_wconf 81' lang='lat' dir='ltr'>refluxum</span> 
     </span>
     <span class='ocr_line' id='line_1_39' title="bbox 781 3989 2675 4074; baseline 0.004 -28"><span class='ocrx_word' id='word_1_271' title='bbox 781 3989 913 4067; x_wconf 83' lang='lat' dir='ltr'>ejus</span> <span class='ocrx_word' id='word_1_272' title='bbox 950 3989 1129 4049; x_wconf 85' lang='lat' dir='ltr'>etiam</span> <span class='ocrx_word' id='word_1_273' title='bbox 1155 3999 1316 4049; x_wconf 87' lang='lat' dir='ltr'>ortus</span> <span class='ocrx_word' id='word_1_274' title='bbox 1353 3991 1663 4052; x_wconf 89' lang='lat' dir='ltr'>commode</span> <span class='ocrx_word' id='word_1_275' title='bbox 1702 4001 1909 4053; x_wconf 86' lang='lat' dir='ltr'>ventus</span> <span class='ocrx_word' id='word_1_276' title='bbox 1952 3991 2284 4071; x_wconf 77' lang='lat' dir='ltr'>adjuvaret,</span> <span class='ocrx_word' id='word_1_277' title='bbox 2334 3994 2675 4074; x_wconf 85' lang='lat' dir='ltr'>priusquam</span> 
     </span>
     <span class='ocr_line' id='line_1_40' title="bbox 775 4085 2673 4165; baseline 0.002 -19"><span class='ocrx_word' id='word_1_278' title='bbox 775 4085 1006 4146; x_wconf 75' lang='lat' dir='ltr'>occurri</span> <span class='ocrx_word' id='word_1_279' title='bbox 1045 4095 1258 4165; x_wconf 84' lang='lat' dir='ltr'>posset,</span> <span class='ocrx_word' id='word_1_280' title='bbox 1305 4086 1569 4148; x_wconf 83' lang='lat' dir='ltr'>Siciliam</span> <span class='ocrx_word' id='word_1_281' title='bbox 1611 4097 1851 4150; x_wconf 87' lang='lat' dir='ltr'>teneret.</span> <span class='ocrx_word' id='word_1_282' title='bbox 1938 4089 2037 4149; x_wconf 90' lang='lat' dir='ltr'>Ibi</span> <span class='ocrx_word' id='word_1_283' title='bbox 2083 4088 2571 4150; x_wconf 84' lang='lat' dir='ltr'>Mamertinorum</span> <span class='ocrx_word' id='word_1_284' title='bbox 2617 4092 2673 4150; x_wconf 90' lang='lat' dir='ltr'>in</span> 
     </span>
     <span class='ocr_line' id='line_1_41' title="bbox 780 4184 2673 4267; baseline 0.004 -27"><span class='ocrx_word' id='word_1_285' title='bbox 780 4189 951 4261; x_wconf 87' lang='lat' dir='ltr'>portu</span> <span class='ocrx_word' id='word_1_286' title='bbox 968 4193 1320 4262; x_wconf 86' lang='lat' dir='ltr'>repertorum</span> <span class='ocrx_word' id='word_1_287' title='bbox 1339 4193 1550 4245; x_wconf 83' lang='lat' dir='ltr'>coacta</span> <span class='ocrx_word' id='word_1_288' title='bbox 1563 4186 1865 4258; x_wconf 82' lang='lat' dir='ltr'>eoneione,</span> <span class='ocrx_word' id='word_1_289' title='bbox 1893 4185 2195 4267; x_wconf 75' lang='lat' dir='ltr'>persuasit,</span> <span class='ocrx_word' id='word_1_290' title='bbox 2224 4195 2291 4246; x_wconf 89' lang='lat' dir='ltr'>ut</span> <span class='ocrx_word' id='word_1_291' title='bbox 2308 4184 2673 4247; x_wconf 82' lang='lat' dir='ltr'>Hannonem</span> 
     </span>
     <span class='ocr_line' id='line_1_42' title="bbox 779 4275 2672 4363; baseline 0.004 -26"><span class='ocrx_word' id='word_1_292' title='bbox 779 4275 1157 4352; x_wconf 86' lang='lat' dir='ltr'>advocarent,</span> <span class='ocrx_word' id='word_1_293' title='bbox 1201 4288 1480 4360; x_wconf 89' lang='lat' dir='ltr'>tanquam</span> <span class='ocrx_word' id='word_1_294' title='bbox 1505 4279 1581 4343; x_wconf 88' lang='lat' dir='ltr'>de</span> <span class='ocrx_word' id='word_1_295' title='bbox 1608 4283 1878 4363; x_wconf 67' lang='lat' dir='ltr'>presenti</span> <span class='ocrx_word' id='word_1_296' title='bbox 1916 4283 2151 4363; x_wconf 81' lang='lat' dir='ltr'>negotio</span> <span class='ocrx_word' id='word_1_297' title='bbox 2189 4302 2325 4345; x_wconf 86' lang='lat' dir='ltr'>cum</span> <span class='ocrx_word' id='word_1_298' title='bbox 2350 4303 2423 4344; x_wconf 91' lang='lat' dir='ltr'>eo</span> <span class='ocrx_word' id='word_1_299' title='bbox 2446 4282 2672 4345; x_wconf 86' lang='lat' dir='ltr'>delibe-</span> 
     </span>
    </p>
   </div>
   <div class='ocr_carea' id='block_1_8' title="bbox 2981 254 3002 1802">
    <p class='ocr_par' dir='ltr' id='par_1_10' title="bbox 2981 254 3002 1802">
     <span class='ocr_line' id='line_1_43' title="bbox 2981 254 3002 1802; baseline 0 0"><span class='ocrx_word' id='word_1_300' title='bbox 2981 254 3002 1802; x_wconf 95' lang='lat' dir='ltr'> </span> 
     </span>
    </p>
   </div>
   <div class='ocr_carea' id='block_1_9' title="bbox 2975 254 3007 2738">
    <p class='ocr_par' dir='ltr' id='par_1_11' title="bbox 2975 254 3007 2738">
     <span class='ocr_line' id='line_1_44' title="bbox 2975 254 3007 2738; baseline 0 0"><span class='ocrx_word' id='word_1_301' title='bbox 2975 254 3007 2738; x_wconf 95' lang='lat' dir='ltr'> </span> 
     </span>
    </p>
   </div>
  </div>
 </body>
</html>
