3025 4892
508 333 682 405 1704
1415 347 1516 397 ··1·.
1564 345 1773 398 mvn

512 497 728 564 hostis
747 504 818 561 et
854 494 1003 581 ipse
1030 501 1317 561 conatus
1350 499 1620 579 caperet
1642 500 1697 575 ς*
1742 496 1808 560 et
1854 488 2305 560 Hannibalem
2350 489 2699 567 incertum,

514 607 736 665 utrum
782 605 1078 682 coeptum
1112 598 1181 662 in
1235 597 1504 663 Italiam
1553 596 1929 661 intenderet
1958 594 2111 673 iter,
2149 612 2236 659 au
2273 612 2424 659 cum
2453 610 2563 670 eo,
2584 589 2707 675 qui

515 703 773 787 primus
803 720 878 766 se
910 700 1264 765 obtulisset
1284 697 1629 763 Romanus
1651 697 2019 776 exercitae,
2036 716 2276 763 manus
2299 699 2707 770 consereret,

521 805 795 874 avertit³
842 822 885 867 a
930 804 1243 887 praesenti
1283 802 1643 868 certamine
1685 800 2008 867 Boiorum
2052 799 2422 883 legatorum
2467 795 2713 880 reguli—

521 926 655 992 que
686 905 990 987 Magali*
1011 912 1035 942 ¹
1074 906 1443 986 adventus;
1486 905 1604 988 qui
1643 923 1719 969 se
1747 904 1955 969 duces
1984 903 2309 981 itinerum,
2337 900 2569 967 socios
2597 917 2712 985 pe-

521 1008 717 1074 riculi
747 1009 913 1088 fore,
945 1006 1379 1083 affirmantes,
1412 1008 1663 1089 integro
1711 1006 1912 1086 bello,
1941 1023 2271 1089 nusquam
2299 1009 2458 1068 aute
2483 1000 2715 1068 libatis
2800 1035 2807 1046 -

524 1113 804 1191 viribuS,
828 1113 1093 1179 Italiam
1122 1110 1632 1195 aggrediendam
1652 1116 1952 1175 censent.
2044 1107 2407 1172 Multitudo
2435 1105 2719 1172 timebat

525 1213 794 1299 quidem
822 1215 1109 1295 hostem,
1136 1212 1424 1279 nondum
1454 1213 1809 1280 obliterata
1827 1213 2151 1278 memoria
2179 1210 2557 1294 superioris
2582 1206 2721 1276 bel·

525 1318 615 1383 liz
657 1318 781 1382 sed
809 1318 1022 1401 magis
1062 1319 1190 1384 iter
1224 1318 1621 1383 immensum
1653 1315 2032 1403 Alpesque,
2069 1335 2209 1382 rem
2252 1314 2442 1379 fama
2488 1312 2722 1400 utique

527 1421 895 1506 inexpertis
924 1420 1343 1500 horrendam,
1369 1422 1740 1488 metuebat.

612 1523 725 1589 30.
788 1521 1029 1608 Itaque
1088 1523 1452 1603 Hannibal,
1515 1531 1869 1609 postquam
1920 1522 2058 1606 ipsi
2111 1520 2443 1588 sententia
2498 1517 2727 1586 stetit⁸

532 1646 805 1713 pergere
835 1627 958 1705 ire,
982 1634 1188 1711 atque
1214 1626 1254 1693 1
1260 1626 1491 1692 taliam
1522 1632 1767 1711 petere,
1797 1626 1883 1691 ad
1892 1630 2134 1691 vocata.
2159 1623 2516 1702 concione,
2546 1620 2729 1690 vario

532 1730 1077 1803 militam-versat
1105 1731 1365 1795 animos
1395 1727 2393 1813 castigando-adhortandoque:
2439 1729 2462 1764 ‘
2497 1721 2729 1790 Mirari

536 1851 634 1913 se,
680 1832 954 1917 quinam
1005 1837 1277 1916 pectora
1306 1844 1574 1918 semper
1611 1832 1957 1917 impavida
2005 1850 2241 1917 repens
2290 1834 2497 1897 terror
2540 1827 2728 1896 iuva3

536 1936 724 2002 serit.
809 1933 942 1998 Per
966 1939 1067 1998 tot
1090 1952 1303 2000 annos
1327 1935 1674 2001 vincentes
1704 1949 1825 1999 eos
1855 1932 2191 2018 stipendia
2208 1932 2470 2011 sacere3
2513 1946 2734 2014 neque

538 2044 691 2103 ante
719 2035 1062 2119 Hispania
1088 2037 1486 2115 excessisse,
1531 2055 1734 2121 quam
1765 2055 1994 2101 omnes
2023 2040 2383 2119 gentesque
2427 2040 2498 2099 et
2540 2038 2732 2098 terrai

541 2160 668 2217 eae,
718 2157 891 2225 quas
923 2136 1059 2206 duo
1092 2138 1366 2206 diversa
1403 2139 1618 2205 maria
1637 2138 1657 2175 ‘
1700 2138 2205 2223 amplectantur,
2233 2133 2737 2217 Carthaginien·

544 2242 720 2310 sium
750 2246 1020 2308 essent.⁵
1088 2241 1487 2329 Indignatos
1518 2236 1777 2319 deinde,
1807 2239 2011 2326 quod,
2044 2239 2448 2324 quicumque
2476 2236 2737 2319 Sagun-

542 2352 681 2412 tum
738 2345 1195 2425 obsedissent,
1254 2347 1441 2413 velut
1494 2348 1584 2413 ob
1614 2329 1919 2425 noxam,
1979 2343 2110 2409 sibi
2154 2340 2318 2407 dedi
2370 2337 2741 2424 postularet

545 2447 839 2535 populus
869 2447 1278 2530 Romanus,¹²
1322 2448 1591 2516 Iberum
1622 2448 1966 2535 traiecisse
1998 2444 2085 2512 ad
2114 2441 2470 2510 delendum
2498 2458 2741 2506 nomen

609 2623 628 2669 ὐ
663 2636 768 2687 Nee
787 2636 954 2686 tieem
978 2634 1195 2699 Scipioni
1213 2634 1335 2685 cem·
1354 2633 1539 2697 atiqicid
1559 2635 1684 2698 apud
1704 2650 1756 2685 ιι
1774 2639 2021 2698 εειωηες
2050 2639 2134 2688 sea
2152 2653 2339 2690 amne
2357 2642 2480 2700 em,
2516 2641 2577 2686 ιι
2599 2634 2745 2700 Jee-

546 2714 604 2751 ω
624 2715 728 2767 qaoe
749 2701 998 2753 Hannibal
1015 2701 1312 2766 decreuisset,
1330 2714 1388 2752 uc
1407 2700 1675 2765 mmm,
1693 2701 1792 2766 ipse
1811 2717 1992 2770 qaoque
2006 2718 2093 2755 aaa
2111 2704 2353 2755 noli-tias
2370 2708 2579 2767 mter-et.

1462 2843 1525 2865 ΙΙ
1530 2843 1834 2867 eece-ewen

551 2945 807 2996 excidisse
830 2944 1062 3021 voculam
1084 2945 1203 3001 ulis,
1225 2957 1537 3022 sensumque
1561 2960 1690 3005 esse,
1723 2960 1820 2997 nec
1853 2947 1907 2998 in
1928 2947 2031 2999 alla
2052 2963 2191 2999 nunc
2220 2948 2396 3015 Scipio
2418 2947 2749 3015 acquiescere

591 3017 760 3060 oterat
797 3017 1074 3065 sententia,
1112 3011 1267 3074 putat
1307 3009 1658 3074 Doenng.-s
1693 3012 1950 3064 Auen-terat
1989 3012 2108 3065 Atd.
2148 3014 2303 3065 Frob.
2334 3012 2490 3066 Grut.
2522 3013 2750 3065 Gronov.

606 3075 765 3138 cujat-
786 3074 1114 3124 creviam—4
1146 3073 1235 3123 At.
1265 3073 1466 3136 Mutati,
1490 3076 1706 3134 Malculi,
1733 3079 1968 3143 Mathai,
1986 3080 2185 3129 Maean.

618 3145 650 3189 6
685 3139 879 3190 Omnes
916 3138 1099 3204 scripti
1134 3144 1289 3190 terra·
1320 3153 1467 3191 eas..
1488 3155 1640 3194 asse.
1702 3145 1720 3173 ⁴
1745 3143 1926 3195 Possis
1962 3144 2215 3211 suspicari
2255 3148 2511 3209 gentesque
2530 3148 2579 3195 ee
2600 3143 2750 3194 teve·

1545 3269 1769 3323 NOTAE

619 3393 641 3418 ¹
675 3384 940 3449 Res-ilique
975 3384 1192 3450 Magais]
1231 3382 1373 3435 Alias
1418 3383 1620 3437 Mutati.
1699 3390 2126 3455 Mediterraneog
2158 3390 2223 3442 ad
2260 3404 2502 3442 oceasum
2541 3394 2597 3440 et
2635 3400 2750 3451 sep·

559 3459 717 3510 Hunc
734 3461 981 3510 Boiorum
1003 3462 1239 3525 regulum
1262 3461 1498 3526 Magilon
1517 3464 1619 3513 Po·
1701 3466 2033 3517 temtriouem
2057 3466 2306 3530 Oceano;
2329 3481 2446 3532 qna
2466 3466 2572 3516 dno
2595 3464 2752 3515 maria

559 3534 666 3599 lyb.
705 3536 972 3601 appellat;
1006 3542 1062 3587 et
1095 3535 1262 3588 facilis
1301 3539 1354 3588 iu
1387 3538 1622 3589 barbaris
1701 3543 2011 3593 intermedio
2050 3541 2190 3594 freto
2212 3541 2479 3594 Gaditano
2510 3542 2753 3594 dirimun-

561 3613 851 3677 prae‘sertim
873 3612 1164 3664 nominibus
1190 3615 1442 3668 vocalium
1468 3630 1501 3666 a
1525 3623 1581 3667 et
1602 3616 1624 3666 ι’
1704 3626 1809 3682 tur,
1832 3620 1913 3668 vel
1939 3620 2107 3684 potius
2131 3619 2435 3669 miscentur.

563 3691 903 3756 permutatio,
928 3698 988 3741 ut
1018 3691 1070 3742 in
1093 3691 1390 3750 Masinissa,
1414 3695 1499 3759 qui
1524 3693 1623 3744 eti·
1764 3703 1790 3729 ¹
1824 3694 1936 3745 Sibi
1956 3698 2066 3747 dedi
2082 3697 2343 3761 postumat
2364 3695 2565 3759 pop-tas
2581 3692 2753 3744 Rotas-

562 3782 644 3817 am
667 3769 989 3831 Masanissa3
1023 3776 1079 3820 et
1103 3770 1157 3821 in
1180 3769 1508 3830 Mithridate,
1532 3773 1623 3839 qui
1701 3769 1815 3834 aas]
1854 3770 2056 3822 Alludit
2097 3772 2163 3822 ad
2205 3784 2351 3821 usum
2389 3771 2753 3823 Romanorum.

564 3851 617 3893 et
641 3843 991 3894 Mithradates
1015 3846 1277 3898 scribitur.
1704 3849 2051 3913 qui,servnm,
2062 3848 2148 3913 qui
2162 3847 2312 3898 alteri
2326 3852 2593 3907 nocuerat,
2607 3857 2752 3894 nox·

628 3928 648 3953 ⁸
668 3921 1285 3985 Postqmipsisententiu
1301 3925 1463 3991 stetit]
1483 3926 1645 3980 Gall:
1703 3923 1965 3988 dedendo,
1999 3940 2031 3974 a
2069 3923 2244 3973 damni
2277 3920 2533 3972 sarciendi
2567 3919 2757 3983 obliga·

567 3995 720 4059 apra·
738 3996 859 4060 qa’il
878 4003 955 4048 eut
973 3999 1078 4063 pris
1097 4002 1144 4050 la
1164 4001 1422 4052 nnc-iim
1437 4003 1497 4052 de
1513 4017 1625 4068 pas·
1706 4000 1851 4052 tione
1872 4000 2233 4051 liberabantur
2255 4013 2322 4048 ex
2345 3998 2461 4062 lege
2480 4011 2586 4049 ιιι.
2612 3996 2755 4049 taba-

565 4087 645 4136 ser
664 4079 814 4122 outre.
846 4131 850 4136 .
1708 4079 1888 4128 larum.
1973 4078 2091 4127 Hoc
2130 4078 2306 4142 itaque
2344 4077 2546 4127 dedendi
2583 4075 2755 4132 verbo,

630 4145 648 4185 ’ῑ
681 4140 792 4200 Duo
806 4150 993 4201 diversa
1011 4153 1190 4219 nuria]
1226 4152 1471 4205 Ambitur
1502 4153 1624 4208 His·
1708 4161 1950 4219 tanquam
1974 4153 2162 4205 servile
2183 4150 2306 4218 qnid
2330 4152 2518 4217 sapiat,
2541 4151 2754 4215 ideoque

568 4230 725 4294 panis
769 4230 834 4280 ad
877 4231 1148 4283 meridiem
1190 4229 1306 4285 fere
1349 4239 1407 4285 et
1453 4239 1625 4284 ortum
1707 4231 1941 4288 odiosum
1977 4230 2062 4296 sit,
2090 4229 2260 4282 utitur
2287 4228 2373 4284 bic
2408 4223 2753 4298 Hannibalad
