3025 4892
1020 414 1167 463 mn.
1216 409 1394 461 xxi.
1442 412 1606 460 cu.
1648 396 1759 462 21.
2319 395 2487 465 1687

283 560 377 625 ita
405 559 628 628 multo
657 568 838 647 post,
866 579 1066 647 quam
1096 559 1399 626 consules
1428 560 1500 624 in
1530 559 1916 643 provincias
1961 559 2245 645 profecti
2274 567 2481 626 erant.

284 647 648 735 civitatem
678 686 933 732 omnem
966 666 1036 730 in
1077 664 1623 748 expectationem
1669 663 1831 727 belli
1876 671 2162 728 erectam
2213 664 2486 729 invene-

284 774 464 845 runt,
516 771 682 835 satis
728 776 1083 835 constante
1129 768 1336 848 fama,
1376 767 1521 851 jam
1569 766 1834 832 Iberum
1876 766 2134 832 Poenos
2179 769 2483 833 transmi-

279 871 513 937 aiones

369 974 482 1040 21.
529 976 897 1055 Hannibal,
956 975 1256 1060 Sagunto
1314 982 1541 1060 capto,
1592 973 2067 1060 Carthaginem
2118 994 2362 1040 novam
2416 977 2482 1040 in

283 1079 592 1162 hyberna
641 1086 1089 1146 concesserat.
1178 1080 1445 1166 Ibique,
1475 1079 1754 1159 auditis,
1784 1098 1942 1165 quoe
1986 1078 2257 1158 Romae,
2297 1099 2487 1164 quae-

284 1203 418 1266 que
451 1183 854 1266 Cartbagine
882 1192 1039 1250 acta
1068 1184 1474 1270 decretaque
1518 1180 1759 1262 forent,
1805 1201 2015 1269 seque
2066 1201 2201 1247 non
2243 1183 2486 1248 ducem

285 1287 540 1366 solum,
569 1289 693 1354 sed
721 1291 923 1353 etiam
955 1307 1229 1355 causam
1262 1307 1418 1353 esse
1463 1286 1642 1360 belli,
1691 1288 1960 1372 partitis
1991 1286 2486 1372 divenditisque

284 1390 592 1474 reliquiis
614 1390 884 1476 praedoe,
913 1393 1084 1458 nibil
1113 1392 1296 1459 ultra
1325 1390 1751 1458 differendum
1778 1399 1984 1469 ratus,
2033 1389 2328 1475 Hispani
2374 1410 2491 1474 ge-

287 1495 470 1558 neris
500 1495 743 1561 milites
773 1503 1152 1563 convocat:
1199 1501 1219 1531 ‘
1245 1494 1468 1562 Credo
1495 1515 1620 1579 ego
1652 1494 1820 1575 voe,'
1865 1495 2103 1581 inquit,
2148 1499 2168 1529 ‘
2196 1495 2386 1571 socii,
2416 1502 2487 1559 et

285 1596 484 1680 ipsos
514 1616 799 1678 cernere,
829 1599 1097 1684 pacatis
1127 1600 1435 1665 omnibus
1469 1599 1830 1683 Hispaniae
1858 1598 2156 1683 populis,
2191 1605 2311 1663 aut
2339 1595 2485 1662 fini-

285 1700 528 1765 endam
558 1702 752 1767 nobis
773 1710 825 1745 ¹⁰
855 1704 1165 1770 militiam
1192 1705 1669 1789 exercitusque
1701 1701 2139 1768 dimittendos
2170 1721 2343 1780 esse,
2373 1709 2491 1766 aut

285 1805 356 1870 in
390 1805 565 1871 alias
597 1811 811 1873 terras
841 1807 1363 1875 transferendum
1398 1805 1687 1874 bellum:
1733 1806 1827 1872 ita
1855 1806 2029 1872 enim
2066 1807 2173 1872 hae
2214 1810 2486 1888 gentes·

286 1910 649 1996 nonapacis
678 1912 921 1993 solum,
952 1912 1072 1980 sed
1105 1914 1308 1978 etiam
1340 1912 1670 1992 victoriae,
1701 1909 1895 1975 bonis
1926 1908 2274 1988 florebunt,
2306 1909 2363 1974 si
2396 1927 2487 1973 ex

288 2014 445 2078 aliis
471 2014 786 2098 gentibus
814 2014 1110 2100 praedam
1138 2023 1209 2080 et
1238 2016 1520 2099 gloriam
1551 2034 1954 2101 quaeremus.
2048 2012 2308 2098 Itaque,
2336 2033 2489 2078 cum

290 2116 663 2203 long-inqua
691 2120 780 2184 ab
807 2118 1010 2185 domo
1038 2119 1233 2184 instet
1262 2119 1525 2195 militia,
1575 2120 2036 2201 incertumque
2067 2116 2178 2194 sit,
2223 2116 2491 2201 quando

292 2221 535 2287 domos
565 2229 851 2301 vestras,
899 2231 971 2287 et
1000 2241 1159 2307 quae
1191 2224 1434 2309 cuique
1463 2223 1559 2288 ibi
1590 2241 1747 2287 cara
1779 2224 2011 2303 sunt,¹¹
2056 2221 2270 2285 visuri
2316 2221 2491 2299 sitis,

289 2326 348 2390 si
380 2326 538 2411 quis
567 2332 858 2391 vestrum
892 2345 1056 2391 suos
1084 2326 1372 2391 invisere
1401 2327 1574 2406 vult,
1606 2330 2045 2391 commeatum
2081 2324 2193 2390 do.
2262 2323 2495 2388 Primo

288 2447 476 2507 vere,
508 2427 732 2510 edico,
762 2428 1028 2510 adsitis»,
1054 2437 1148 2508 ut,
1171 2427 1330 2496 Diis
1356 2432 1527 2497 bene
1546 2430 1966 2515 juvantibus,
1988 2428 2236 2494 bellum
2266 2429 2497 2511 ingen-

286 2532 376 2597 tis
400 2532 634 2615 gloriae
663 2534 1049 2619 proedaeque
1090 2532 1389 2600 futurum
1443 2531 1887 2618 incipiamus?
1976 2532 2309 2597 Omnibus
2356 2531 2494 2595 fere

289 2635 558 2700 visendi
592 2636 829 2702 domos
860 2638 1097 2703 oblata
1126 2637 1307 2703 ultro
1338 2647 1652 2724 potestas
1679 2645 1871 2721 grata
1902 2644 2068 2716 erat,
2099 2643 2167 2700 et
2202 2635 2353 2719 jam
2379 2635 2494 2722 ‹le-

293 2736 748 2805 s'iderantibus
780 2762 964 2821 suos,
1010 2751 1078 2808 et
1104 2742 1367 2826 longius
1400 2743 1465 2806 in
1496 2742 1791 2807 futurum
1832 2740 2351 2825 providentibus
2383 2739 2495 2804 de-

291 2841 662 2907 siderium-⁸
747 2843 881 2909 Per
909 2851 1119 2911 totum
1151 2851 1417 2931 tempus
1459 2846 1719 2930 hyemis
1748 2845 1945 2931 quies
1988 2845 2159 2909 inter
2208 2843 2497 2920 labores,

289 2953 413 3011 aut
431 2945 581 3031 jam
610 2946 1005 3025 exhaustos»,
1058 2957 1180 3015 aut
1208 2968 1373 3015 mox
1403 2947 1932 3026 exhauriendos,
1975 2945 2319 3014 renovavit
2350 2965 2494 3012 cor-

289 3069 468 3134 pora
496 3051 890 3136 animosque
920 3052 1008 3119 ad
1041 3054 1269 3134 omnia
1292 3052 1376 3118 de
1407 3053 1660 3136 integro
1692 3051 2030 3138 patienda.
2077 3051 2253 3116 Vere
2279 3050 2497 3134 ptimo

290 3154 377 3219 ad
429 3154 724 3219 edictum
771 3175 1171 3222 convenere.
1262 3157 1635 3232 Hannibal,
1669 3175 1825 3221 cum
1876 3156 2327 3221 recensuisset
2356 3174 2501 3220 om-

287 3258 473 3322 nium
509 3257 769 3324 auxilia
818 3260 1131 3343 gentium,
1163 3257 1438 3325 Gades‘
1479 3258 1825 3344 profectus
1876 3255 2161 3324 Herculi
2194 3264 2354 3323 vota
2381 3275 2497 3321 ex-

354 3484 378 3510 *
414 3475 2494 3543 Gummoeobfflmosanssiisoebuqummmoek·

293 3542 904 3595 mindo-identatus.

1213 3653 1581 3678 “meamea-9

296 3756 430 3808 ΕΜ.
456 3763 581 3807 ante
606 3757 871 3808 Dalm-8
904 3758 1046 3810 Olim
1070 3760 1342 3824 legebatur
1360 3760 1845 3810 mestianum—9
1878 3753 2012 3806 Eud.
2036 3761 2172 3805 anit.
2191 3755 2437 3804 tanim.

1287 3921 1507 3974 1⁸01·AE

358 4024 378 4050 ⁸
411 4015 511 4065 11oe
538 4018 732 4083 genn]
765 4019 1036 4085 Hispana.
1439 4019 1545 4069 Sed
1570 4018 1753 4073 minor,
1778 4016 1829 4065 in
1852 4027 1953 4080 qua
1975 4013 2099 4064 urb·
2121 4012 2231 4078 ipsa
2254 4010 2503 4073 Gadium,

358 4095 375 4126 ‘
409 4093 600 4160 Gades}
633 4097 766 4147 Dnoe
791 4098 911 4147 olim
930 4097 1094 4149 fnisse
1116 4098 1362 4149 dicuntur
1438 4098 1529 4147 ubl
1569 4104 1627 4146 et
1670 4095 1969 4164 Geryonem
2014 4091 2271 4142 habitasse
2304 4090 2502 4152 volunt,

299 4168 479 4222 huin
516 4172 571 4222 in
600 4171 776 4224 frome
815 4173 1084 4239 nup-nia
1121 4175 1358 4241 naticae,
1440 4174 1653 4240 proprio
1676 4171 1883 4222 nomine
1898 4170 2355 4235 Erythia,centum
2369 4166 2502 4216 dun-

300 4247 434 4297 ullra
472 4247 662 4300 fretum
704 4251 1044 4316 Herculeum,
1074 4253 1211 4319 quod
1236 4251 1359 4304 inde
1440 4261 1591 4304 taxat
1645 4249 1879 4316 panibus
1928 4248 2171 4312 sejuncta
2214 4260 2245 4296 a
2288 4244 2506 4308 majore,

302 4320 613 4379 Gaditanum
652 4342 858 4395 quoque
894 4337 976 4382 ent
1015 4330 1357 4397 appellatum.
1428 4329 1633 4395 jandin
1656 4340 1759 4379 non
1786 4331 1955 4391 extat,
1991 4332 2082 4376 aut
2111 4335 2229 4376 cnm
2263 4323 2361 4373 bac
2382 4333 2503 4372 co·-
