3025 4892
1036 386 1182 436 mn.
1230 385 1405 435 xxr.
1450 386 1613 436 cn».
1656 371 1725 436 8.
1909 451 1922 462 „
2318 374 2490 443 1665

284 529 726 596 multitudinis
782 529 1216 613 incremento,
1278 553 1398 598 seu
1461 536 1821 599 sanctitate
1880 533 2291 621 disciplinae,
2349 558 2489 622 qua

281 632 483 699 fidem
513 634 835 699 socialem
865 655 1084 720 usque
1113 636 1202 701 ad
1235 638 1595 721 perniciem
1626 658 1814 704 suam
1846 640 2205 705 coluerunt.
2296 641 2485 706 Han-

282 737 498 817 nibal,
537 737 785 804 infesto
830 741 1128 806 exercitu
1174 741 1512 825 ingressus
1561 742 1755 820 fines,
1786 744 2185 827 pervastatis
2229 746 2488 827 passim

279 842 484 923 agris,
527 843 753 907 urbem
800 843 1131 927 tripartito
1178 845 1575 927 aggreditur.
1664 844 1973 928 Angulns
2015 846 2190 910 muri
2233 855 2378 912 erat
2420 848 2490 911 in

218 968 227 976 ·
280 944 646 1027 planiorem
692 947 1281 1031 patentioremque,
1311 967 1513 1032 quam
1559 954 1780 1013 cetera
1825 949 2031 1026 circa,
2063 948 2306 1014 vallem
2341 968 2488 1014 ver-

281 1069 466 1132 gens.
539 1049 889 1117 Adversus
917 1072 1070 1116 eum
1101 1055 1335 1118 vineas
1364 1049 1589 1136 agere¹
1618 1054 1933 1131 instituit,
1959 1073 2080 1137 per
2104 1072 2276 1138 quas
2309 1057 2486 1120 aries

278 1154 618 1220 moenibus
669 1156 1014 1222 admoveri
1069 1163 1322 1239 posset.
1442 1156 1578 1221 Sed
1632 1164 1710 1221 ut
1761 1156 1959 1222 locus
2012 1157 2243 1242 procul
2296 1179 2485 1225 muro

280 1260 449 1324 satis
508 1278 752 1344 aequus
810 1259 1083 1344 agendis
1135 1259 1347 1323 vineis
1390 1247 1558 1341 fuit3
1615 1260 1709 1325 ita
1753 1260 2281 1346 haudquaquam
2332 1282 2482 1346 pro-

279 1381 502 1446 spere,
547 1371 909 1446 postquam
965 1364 1048 1427 ad
1099 1361 1408 1427 effectum
1465 1364 1689 1451 operis
1740 1370 2002 1429 ventum
2056 1372 2183 1443 est,
2230 1368 2483 1450 eoeptis

277 1461 703 1532 succedebat.
792 1465 881 1534 Et
920 1469 1122 1532 turris
1166 1467 1402 1549 ingens
1446 1467 1878 1533 imminebat:
1923 1475 1991 1534 et
2018 1487 2264 1547 muruS,
2295 1478 2372 1534 ut
2415 1471 2485 1535 in

278 1575 597 1654 suspecto
638 1570 815 1648 loco,
859 1589 1066 1653 supra
1111 1577 1354 1635 ceterae
1400 1571 1678 1642 modum
1723 1571 2100 1638 altitudinis
2147 1575 2484 1640 emunitus

276 1672 494 1739 eratz⁶
538 1678 608 1739 et
639 1671 971 1757 juventus
1012 1672 1295 1751 delecta,
1325 1673 1442 1738 ubi
1476 1674 1831 1759 plurimum
1864 1675 2145 1760 periculi
2177 1695 2259 1742 ao
2301 1678 2487 1743 labo·

273 1776 441 1840 ris¹⁷
487 1776 978 1854 ostendebatur,
1005 1777 1104 1842 ibi
1148 1778 1215 1842 vi
1246 1776 1499 1862 majore
1529 1778 2025 1844 obsistebant.¹⁸
2112 1779 2221 1846 Ac
2267 1781 2486 1864 primo

273 1879 647 1944 missilibus
696 1899 1113 1946 summovere
1158 1882 1437 1961 bostem,
1478 1901 1604 1947 nec
1651 1884 2009 1968 quicquam
2053 1883 2226 1948 satis
2267 1890 2485 1949 tutum

273 1973 730 2049 munientibus
780 1983 972 2068 pati!
1060 1985 1319 2050 Deinde
1354 1987 1500 2072 jam
1551 2004 1687 2050 non
1730 2005 1856 2070 pro
1904 1986 2241 2052 moenibus
2285 1986 2482 2053 modo

272 2092 485 2170 atque
532 2087 690 2151 turri
734 2088 869 2152 tela
910 2088 1179 2167 micare,
1212 2088 1331 2153 sed
1365 2089 1449 2154 ad
1481 2088 1963 2172 erumpendum
1993 2089 2199 2154 etiam
2240 2089 2306 2153 iu
2345 2095 2485 2155 sta-

270 2189 495 2255 tiones
522 2209 861 2275 operaque
889 2190 1185 2255 hostium
1215 2190 1478 2256 animus
1508 2198 1650 2255 erat
1672 2191 1721 2256 :¹
1762 2192 2012 2277 quibus
2037 2191 2484 2258 tumultuariis

271 2291 753 2357 certaminibus
781 2291 965 2358 haud
994 2293 1196 2358 ferme
1235 2294 1464 2376 plures
1493 2294 1848 2377 Saguntini
1893 2294 2246 2371 cadebant,
2278 2316 2484 2380 quam

270 2393 503 2460 Poeni.
578 2394 678 2460 Ut
702 2414 859 2460 vero
889 2394 1226 2488 Hannibal
1254 2397 1426 2480 ipse,
1450 2396 1607 2461 dum
1631 2416 1888 2463 murum
1912 2398 2253 2463 incautius
2280 2400 2485 2479 subit,

274 2498 639 2563 adversum
661 2498 929 2564 femur·
950 2496 1243 2582 tragula¹¹
1265 2500 1554 2583 graviter
1571 2502 1744 2567 ictus
1767 2501 2050 2582 cecidit3
2095 2509 2283 2569 tanta
2306 2502 2487 2568 circa

268 2601 439 2684 fuga
469 2622 553 2668 ac
585 2601 951 2687 trepidatio
975 2603 1125 2683 fuit,
1150 2612 1228 2669 ut
1262 2623 1397 2670 non
1430 2605 1711 2670 multum
1744 2606 2042 2685 abesset,
2071 2605 2235 2690 quin
2276 2623 2486 2690 opera

268 2725 357 2774 ac
381 2707 603 2772 vineae
632 2705 1105 2772 desererentur.

270 2833 275 2842 ·
357 2809 427 2876 8.
473 2809 766 2877 Obsidio
811 2810 1051 2876 deinde
1096 2830 1216 2896 per
1246 2829 1503 2895 paucos
1535 2810 1682 2877 dies
1717 2812 1962 2897 magis,
1991 2832 2192 2897 qnam
2225 2832 2486 2899 oppug-

270 2915 481 2994 natio,
511 2915 661 2994 fuit,
692 2916 849 2980 dum
895 2916 1134 2980 vulnus
1166 2913 1359 2980 ducis
1389 2923 1750 2981 curaretur.
1845 2915 1974 2980 Per
2001 2915 2185 2999 quod
2218 2922 2483 3001 tempus

272 3028 345 3086 ut
390 3020 589 3103 quies
633 3019 1060 3084 certaminum
1099 3023 1264 3097 erat,
1296 3015 1398 3084 ita
1439 3021 1525 3086 ab
1560 3025 1896 3106 apparatu
1922 3040 2196 3105 operum
2227 3040 2308 3086 ac
2342 3041 2485 3086 mu·

337 3203 356 3237 ¹
388 3204 657 3255 Admodum
680 3202 906 3254 munitm.

339 3268 366 3303 ἒ
402 3272 470 3320 Et
494 3269 757 3332 Sogmttiai
774 3269 902 3320 nihil
925 3267 1248 3334 relinquebant
1276 3275 1430 3320 tatum
1450 3268 1663 3319 hostibus
1683 3268 1764 3333 qui
1782 3267 2067 3319 munitionen
2084 3267 2308 3318 adver-m
2327 3281 2488 3319 mma

270 3335 881 3461 “ffffffffmmjmffi
899 3414 925 3449 e
944 3401 1094 3451 muris
1113 3398 1443 3465 vibrabantur,
1464 3400 1550 3450 sed
1566 3400 1800 3450 audebant
1822 3397 2102 3462 Saguntini,
2120 3398 2202 3461 &a

336 3474 376 3500 ¹·
412 3467 474 3516 In
489 3470 628 3530 perte
641 3466 848 3526 sonoris
863 3470 1120 3518 anteriore.

1199 3597 1229 3615 O
1234 3597 1257 3616 Ι
1263 3596 1469 3617 “w“
1473 3596 1562 3617 m

340 3701 404 3772 Π
450 3696 468 3725 ‘
494 3696 559 3746 In
584 3702 803 3761 quatuor
823 3696 1031 3775 seriptis
1056 3697 1308 3761 reperisse
1343 3696 1581 3747 memini:
1614 3710 1672 3746 ce
1692 3694 1903 3774 timorit..
1960 3695 2032 3744 Et
2053 3692 2129 3743 sic
2150 3689 2373 3768 Aldina
2406 3689 2484 3741 sic

271 3777 494 3882 &222
528 3762 669 3814 Flor.
704 3770 761 3814 et
797 3761 1104 3814 Gudianus-⁹
1136 3764 1193 3814 J.
1237 3764 1294 3814 F.
1331 3764 1677 3815 (ἕνεκα-18
1709 3761 1833 3812 Vet.
1870 3759 1962 3812 nb.
1998 3759 2135 3826 apud
2179 3757 2357 3820 Sigon.
2405 3756 2486 3806 eb·

1270 3926 1321 3978 N
1328 3925 1497 3976 01·AE

336 4023 354 4059 ¹
394 4023 568 4074 Vincas
581 4023 747 4088 agere]
769 4020 908 4074 Gan.
934 4020 1083 4072 Faire
1099 4024 1183 4073 des
1200 4023 1334 4086 gule·
1418 4023 1657 4073 Fuerunt
1693 4024 1867 4071 autem
1900 4018 2005 4068 duo
2041 4016 2358 4081 tragularum
2392 4029 2483 4080 ge-

268 4102 375 4152 rie·
395 4117 515 4166 pour
539 4101 795 4165 approche·
812 4116 844 4150 a
861 4104 1065 4158 mom,
1095 4115 1155 4151 ou
1174 4105 1339 4151 autres
1415 4113 1567 4149 nera:
1603 4097 1715 4149 aliae
1738 4111 1911 4162 manu,
1930 4095 2044 4146 alin
2069 4096 2342 4145 tormentis
2365 4094 2485 4145 mit-

269 4193 507 4241 ouvrages
525 4177 811 4227 semblables.
1418 4176 1683 4233 tebantur,
1704 4182 1760 4224 et
1789 4175 1866 4225 bae
1902 4174 2128 4225 atrocius
2161 4171 2484 4236 sauciabant,

339 4255 367 4289 ¹¹
402 4252 639 4318 nugata]
672 4255 852 4306 Genu·
882 4251 986 4306 fnit
1018 4255 1132 4318 teli,
1162 4255 1273 4307 nive
1308 4267 1340 4306 a
1418 4259 1474 4306 et
1528 4256 1833 4319 plerumque
1885 4259 2091 4304 scutum
2143 4256 2237 4304 aut
2292 4263 2481 4317 corpus

273 4333 607 4400 trajiciendo,
635 4331 747 4385 rivo
778 4346 811 4386 a
840 4332 1094 4387 trahendo
1127 4333 1341 4387 dictum.
1418 4329 1934 4387 tranavorbernbnnt.
