3025 4892
518 310 694 381 1512
1462 331 1535 379 τ.
1580 329 1774 380 mvn

542 490 671 540 Just.
688 492 827 541 ml.
847 472 995 534 tium
1032 473 1340 546 undarum,
1378 475 1676 554 angustias
1709 472 1923 534 Isthmi
1953 472 2244 555 perrupit:
2288 493 2327 533 a
2367 493 2485 553 quo
2529 481 2741 535 eventu

519 554 827 685 38:1⁸3&ss
853 571 1153 652 Rhegium
1194 571 1556 631 nominatum
1601 580 1844 652 putant:
1888 571 1995 630 tali
2019 571 2176 630 enim
2202 569 2403 650 aliquo
2428 570 2740 642 vocabulo,

523 694 574 733 et
611 685 827 734 cassiod.
851 689 984 748 quae
1024 678 1197 749 rupta
1237 677 1392 741 sunt,
1438 687 1477 727 a
1520 667 1750 728 Gra-,cis
1792 665 2181 748 appellantur.
2267 665 2481 747 Itaque
2530 667 2743 748 primos

520 750 640 799 Vnt.
690 766 791 799 ¹¹¹·
853 764 1073 825 Siciliae
1101 764 1355 826 cultores
1379 784 1455 825 ex
1485 764 1669 825 Italia
1695 765 1917 825 venisse
1952 762 2233 825 credibile
2257 773 2379 832 est:
2408 764 2588 824 etiam
2618 765 2743 844 ipso

526 820 777 944 libucyd.
791 880 828 928 1.
851 862 1083 922 nomine
1125 860 1509 922 confirmante
1555 863 1974 942 conjecturam.
2079 860 2419 920 Meoeanam
2459 860 2620 920 enim
2665 878 2742 919 ex

526 958 660 1057 *Qu
712 1007 751 1056 F
852 958 1097 1020 adverso
1145 959 1356 1020 littoris
1401 957 1604 1019 Italici
1638 958 1809 1019 sitam
1851 957 2150 1020 civitatem
2196 957 2378 1037 Opici
2417 955 2745 1016 condidioee

523 1025 630 1122 tuni
655 1040 701 1120 i⁶n
721 1081 736 1103 ⁴
753 1023 828 1122 ξ
852 1054 1192 1115 traduntur:
1236 1075 1437 1135 quam,
1465 1057 1608 1136 quia
1631 1056 1690 1115 in
1716 1055 1844 1115 sinu
1878 1053 2049 1114 falcis
2075 1053 2359 1115 referente
2383 1052 2635 1132 figuram
2660 1063 2749 1112 eet

523 1137 831 1268 ffii‘ffggl'igf‘
853 1152 1065 1233 posita,
1114 1151 1402 1224 Siciliam,
1448 1151 1650 1223 credo,
1693 1150 2099 1233 appellarunt;
2158 1149 2320 1231 quod
2370 1148 2747 1304 advpnientes

524 1266 736 1381 effi
853 1248 1294 1426 3:233:
1314 1247 1576 1427 333¹?ss
1594 1256 2445 1424 ,mum
2472 1246 2746 1413 :2⁸:153

527 1401 833 1525 pssffi‘ydst,
853 1442 963 1500 toti
1005 1440 1207 1501 insulae
1243 1442 1370 1501 haec
1417 1441 1741 1522 appellatio
1764 1442 1955 1514 haesit,
1982 1450 2050 1501 ut
2081 1442 2208 1522 ipsa
2233 1459 2468 1523 quoque
2494 1448 2557 1499 et
2586 1438 2744 1498 Zan-

527 1526 830 1637 vssmmoti.
854 1535 998 1607 olef
1019 1547 1082 1598 et
1107 1557 1146 1597 a
1172 1537 1436 1618 pluribus
1461 1536 1671 1599 Sicilia
1696 1547 2020 1599 vocaretur.

527 1654 564 1702 1.
586 1589 795 1704 ssffi'ffk
818 1624 833 1642 ⁰
933 1640 1034 1693 22.
1077 1632 1285 1694 Insula
1310 1654 1451 1695 vero
1476 1636 1590 1695 ista
1612 1655 1748 1697 cum
1774 1633 2197 1716 magnitudine,
2222 1642 2350 1694 tum
2373 1634 2557 1694 etiam
2585 1631 2745 1714 ferti—

852 1729 1020 1790 litate
1045 1751 1267 1802 omneS,
1294 1750 1428 1811 quae
1453 1732 1513 1791 in
1543 1731 1981 1793 Mediterraneo
2016 1733 2163 1792 mari
2187 1739 2344 1802 sunt,
2365 1728 2540 1809 longe
2581 1739 2747 1790 ante·

850 1826 1049 1888 cellit:
1092 1828 1229 1898 olei,
1274 1828 1419 1899 vini,
1461 1827 1737 1888 frumenti
1761 1830 1969 1910 optimi
1992 1848 2169 1910 supra
2193 1826 2373 1888 fidem
2398 1827 2601 1886 ferax:
2645 1847 2748 1907 po-

853 1924 996 2005 pulo
1024 1923 1314 2005 frequens,
1332 1924 1645 2005 multisque
1665 1935 1727 1986 et
1747 1926 2022 1985 maximis
2036 1925 2279 1985 urbibus
2302 1923 2380 1984 ad
2400 1920 2746 1984 miraculum

851 2020 1128 2081 exculta:
1171 2031 1443 2102 portuum
1471 2030 1670 2082 autem
1695 2022 1952 2103 situsque
1991 2023 2173 2083 totius
2205 2019 2622 2083 commoditate
2648 2020 2748 2079 vix

852 2117 1005 2177 alius
1053 2137 1329 2196 magnum
1401 2117 1710 2199 imperium
1761 2119 2110 2179 constituere
2161 2117 2532 2199 cupientibus
2582 2135 2752 2198 aeque

853 2212 1099 2275 idoneus
1148 2213 1314 2275 locus
1356 2222 1463 2274 eet.
1563 2212 1732 2275 Nam
1786 2214 1984 2276 Italiae
2032 2217 2350 2294 conjuncta
2389 2232 2466 2274 ex
2518 2212 2753 2273 diversa

853 2319 1020 2392 parte
1071 2309 1345 2372 Africam
1396 2311 1666 2392 respicit:
1731 2311 1851 2372 alio
1894 2331 1973 2372 ex
2021 2310 2203 2373 latere
2245 2309 2615 2371 Sardiniam:
2674 2309 2753 2369 ab

855 2407 1100 2468 Oriente
1128 2406 1607 2488 Peloponnesum
1635 2416 1697 2468 et
1734 2408 2033 2469 Graeciam
2073 2408 2247 2469 Ionio
2288 2407 2431 2486 mari
2473 2406 2755 2470 discretas

853 2503 1069 2567 habet:
1111 2523 1581 2586 quaquaversum
1608 2505 1980 2584 navigatione
2005 2505 2190 2578 brevi,
2215 2513 2277 2565 et
2300 2503 2378 2564 ad
2404 2502 2756 2564 emittendas

529 2604 655 2653 Flor-
677 2619 740 2652 ¹1·
759 2607 810 2654 2.
856 2601 1344 2682 accipiendasque
1370 2600 1587 2661 classes
1610 2599 1911 2662 facillima.
1994 2601 2217 2682 Neque
2250 2600 2497 2662 dubium
2534 2609 2627 2660 eet
2650 2620 2751 2660 cu·

527 2669 797 2785 0361me
796 2669 833 2718 ι’
855 2697 1162 2778 piditatem
1204 2699 1317 2759 hac
1359 2695 1553 2757 insula
1593 2698 1884 2780 potiundi,
1929 2719 2108 2779 quam
2149 2697 2358 2759 eodem
2400 2706 2669 2779 tempore
2694 2707 2756 2759 et

856 2793 1168 2855 Romanus
1201 2795 1477 2876 populus,
1515 2804 1577 2855 et
1613 2793 2113 2875 Carthaginiensis
2144 2795 2485 2864 affectabat,
2510 2814 2753 2855 causam

561 2896 670 2946 Liv.
715 2911 832 2948 ιιι.
856 2889 1016 2951 bello
1041 2890 1292 2962 dedisse,
1320 2890 1462 2950 licet
1487 2891 1610 2950 alia
1633 2890 1996 2954 dicerentur:
2034 2911 2171 2952 nam
2198 2891 2459 2953 Romani
2485 2889 2753 2951 Tarenti-

528 2966 696 3076 ἔξω.
857 3006 963 3047 nos
1006 2994 1213 3047 contra
1265 2985 1453 3046 foedus
1501 2986 1737 3067 adjutos
1787 2990 2146 3068 arguebant:
2193 2988 2370 3050 Poeni
2413 2988 2751 3049 societatem

855 3102 990 3143 cum
1021 3082 1312 3154 Hierone,
1340 3092 1406 3143 ut
1430 3081 1708 3144 adversus
1731 3105 1793 3145 se
1819 3085 2046 3158 initam,
2071 3085 2548 3146 criminabantur.

939 3185 1040 3239 23.
1085 3177 1362 3239 Ceterum
1421 3200 1494 3241 eo
1540 3181 1674 3259 jam
1723 3182 2003 3262 potentiae
2065 3182 2277 3244 civitas
2325 3192 2576 3261 utraque
2622 3201 2752 3262 per·

857 3285 1119 3348 venerat,
1147 3285 1214 3336 ut
1236 3277 1446 3337 evitari
1488 3296 1605 3339 non
1651 3280 1926 3359 potuerit,
1954 3280 2097 3360 quin
2124 3278 2443 3359 aliquando
2467 3297 2753 3358 quacum-

857 3392 974 3453 que
998 3372 1074 3432 de
1099 3391 1281 3432 causa
1303 3372 1739 3434 colliderentur.
1834 3373 2353 3441 Quemadmodum
2385 3375 2545 3434 enim
2580 3375 2752 3435 arbo·

855 3489 969 3540 res,
997 3489 1111 3530 non
1147 3489 1361 3548 magno
1405 3469 1717 3532 intervallo
1761 3471 2024 3542 consitae,
2069 3470 2330 3551 aliquam
2372 3469 2614 3552 quidem
2646 3470 2754 3531 diu

858 3584 974 3625 non
1003 3565 1328 3646 impediunt
1369 3567 1619 3627 invicem
1652 3587 2039 3649 magnopere:
2085 3577 2278 3628 auctae
2318 3588 2477 3638 vero,
2507 3569 2753 3629 alimen-

855 3670 984 3722 tum
1037 3672 1213 3743 atque
1253 3683 1493 3724 succum
1539 3672 1743 3724 mutuo
1783 3664 2194 3745 intercipiunt:
2238 3683 2374 3726 cum
2417 3664 2756 3744 grandiores

923 3880 952 3917 δ
968 3883 1036 3932 Ue
1057 3882 1163 3946 ipen
1181 3897 1355 3946 qnoque
1375 3889 1424 3933 et
1435 3882 1636 3947 zanek]
1652 3885 1770 3939 Quo
1833 3886 1941 3937 cles
1961 3884 2201 3935 interula
2215 3883 2422 3933 nomina
2436 3881 2753 3934 mentionem

859 3948 984 3997 satis
1011 3947 1199 3997 idoneo
1231 3946 1396 3998 fretus
1426 3955 1641 3998 auctore
1675 3952 1771 4001 boc
1833 3951 2052 4000 faciunt.
2121 3950 2332 3999 Citatur
2384 3948 2470 3997 bic
2509 3950 2661 3998 testis
2700 3948 2753 3997 iu

858 4012 1003 4061 dicat
1057 4012 1453 4077 Freinshemius,
1504 4013 1771 4078 assignare
1834 4016 2068 4079 margine
2092 4011 2527 4065 Macrobiuened
2546 4027 2752 4063 omnem

857 4090 962 4126 non
988 4091 1270 4140 possumus.
1338 4077 1526 4143 Neque
1543 4087 1633 4129 aut
1652 4080 1770 4130 Clu·
1835 4081 2157 4142 diligentiam
2203 4087 2432 4129 nonnam
2481 4076 2624 4142 fugit
2666 4077 2753 4128 ille

859 4142 1033 4190 verius
1052 4151 1141 4191 aut
1170 4142 1446 4204 Cenat-lun,
1465 4144 1533 4192 de
1556 4144 1770 4194 nomini·
1836 4144 2096 4196 Macrobii
2120 4146 2284 4207 locus,
2306 4157 2457 4209 quem
2482 4143 2752 4194 Freinshe-

859 4205 955 4258 bus
977 4207 1166 4258 Sicilia
1200 4216 1435 4274 agentes,
1457 4208 1613 4259 ullam
1636 4209 1769 4260 Zen-
1837 4212 1969 4262 mins
1990 4211 2206 4263 intuitus
2228 4217 2328 4261 est.
2364 4210 2508 4260 Creo.
