3025 4892
529 783 2331 915 SUPPLEMENTUM

1116 1089 1393 1157 LIBRI
1453 1089 1752 1158 XVIII.

997 1348 1877 1428 HISTORIARUM

651 1594 772 1684 Τ.
876 1595 1283 1687 LIVII
1387 1594 2199 1690 PATAVINI.

319 2072 382 2126 1.
425 2035 954 2129 Consulum-mn
1006 2068 1219 2131 deinde
1273 2070 1343 2131 L.
1402 2069 1668 2131 Manlius
1720 2071 1807 2132 A.
1864 2068 1938 2130 F.
1984 2069 2065 2131 P.
2123 2068 2215 2132 N.

319 2161 519 2224 Vulso
547 2163 820 2247 Longns⁹
849 2167 1040 2238 inivit,
1064 2176 1125 2228 et
1152 2167 1238 2235 Q.
1258 2166 1665 2235 CaediciusQ.
1687 2167 1759 2229 F.
1778 2168 1864 2236 Q.
1884 2166 2004 2230 N.'
2029 2168 2128 2227 cui
2152 2169 2215 2229 in

321 2263 664 2341 magistratu
705 2274 934 2326 mortno
968 2264 1251 2326 suffectus
1289 2274 1378 2325 est
1414 2265 1506 2325 M.
1533 2264 1761 2326 Atilius
1788 2264 1883 2327 M.
1912 2265 1985 2328 F.
2018 2264 2089 2324 L.
2120 2264 2215 2330 Ν.
2238 2269 2541 2337 Ευεὶοιρὶι.

321 2356 616 2440 Regulus,
663 2363 765 2442 qui
806 2361 984 2423 semel
1026 2361 1229 2424 consul
1274 2362 1485 2423 fuerat.
1598 2361 1744 2423 Hoc
1784 2382 1938 2422 anno
1979 2361 2217 2423 demum

321 2455 562 2530 Africa,
616 2479 749 2540 quae
789 2461 1074 2521 hactenus
1113 2460 1372 2521 cladium
1414 2458 1713 2520 hostilium
1752 2477 1954 2520 exsors
1992 2468 2217 2539 egerat,

320 2555 533 2615 sentire
559 2556 784 2617 bellum
807 2558 1008 2639 coepit,
1036 2557 1328 2619 Romanis
1352 2559 1410 2618 in
1435 2578 1567 2618 eam
1597 2557 1883 2637 ingreoeis,
1909 2564 2219 2638 postquam

324 2650 896 2733 Carthaginiensium
937 2654 1185 2715 classem
1232 2675 1448 2734 magna
1487 2674 1689 2735 pugna
1732 2654 2040 2714 vicissent:
2084 2672 2220 2732 quae

327 2750 408 2809 uti
453 2762 625 2831 gesta
663 2753 800 2825 sint,
847 2754 1137 2834 ipsiusque
1184 2752 1410 2831 Reguli
1453 2761 1758 2832 utramque
1798 2750 2112 2820 fortunam,
2157 2758 2220 2810 et

322 2845 626 2928 indignum
645 2851 755 2910 viri
783 2850 997 2910 virtute
1021 2851 1274 2922 exitum,
1301 2849 1414 2910 hoc
1443 2848 1593 2909 libro
1613 2867 1991 2930 exponemus.
2033 2848 2219 2909 Anno

321 2946 615 3026 superiore
640 2967 776 3007 cum
800 2946 875 3008 C.
906 2946 1104 3008 Atilio
1135 2947 1374 3008 consule
1404 2945 1919 3026 Carthaginienses
1948 2946 2033 3005 ita
2069 2965 2218 3026 prae-

323 3042 403 3104 lio
427 3044 634 3105 navali
659 3045 1108 3117 contenderant,
1136 3054 1222 3117 ut,
1251 3066 1592 3126 quanquam
1618 3046 1730 3127 ipsi
1756 3044 2022 3127 pluribus
2045 3044 2219 3104 amis·

322 3141 400 3201 sis
422 3143 672 3203 navibus
697 3163 895 3225 pugna
921 3144 1139 3224 priores
1163 3145 1570 3215 excessissent,
1596 3152 1794 3204 tamen
1821 3143 1963 3223 quia
1988 3140 2219 3203 Roma-

325 3257 425 3299 nas
448 3240 632 3300 etiam
675 3240 910 3320 aliquot
948 3249 1420 3312 summerserant,
1464 3261 1527 3300 se
1570 3260 1688 3300 non
1723 3238 2022 3299 inferiores
2044 3237 2220 3297 fuisse

326 3334 871 3419 interpretarentur:
916 3336 1182 3399 Romani
1205 3347 1412 3399 contra
1436 3346 1711 3398 eventum
1736 3356 1869 3396 eum
1894 3356 2001 3417 pro
2035 3336 2220 3396 victo-
2246 3349 2544 3416 Polybum-

323 3434 409 3494 ria
433 3434 597 3495 hand
620 3436 804 3496 dubia
825 3436 1273 3517 computabant.
1329 3434 1431 3496 Ita
1457 3434 1662 3506 fiebat,
1691 3443 1759 3494 ut
1782 3454 1887 3515 spe
1914 3443 1976 3493 et
2002 3432 2222 3493 fiducia

328 3533 449 3612 pari
504 3533 757 3615 populus
805 3543 1049 3615 uterque
1100 3533 1355 3594 studium
1405 3532 1828 3595 maritimarum
1885 3551 2071 3593 rerum
2121 3550 2224 3613 per

328 3630 757 3691 aemulationem
781 3652 1069 3691 summam
1094 3640 1555 3712 prosequeretur.

405 3734 464 3787 2.
511 3728 705 3808 Igitur
728 3738 790 3790 et
813 3729 1083 3789 consules
1109 3727 1455 3789 inAfricam
1480 3727 1788 3788 transferre
1814 3726 2034 3787 bellum
2049 3724 2222 3805 jussi,
2249 3735 2387 3785 Oros.
2404 3748 2477 3782 ιν.
2498 3739 2552 3784 8.

324 3844 460 3885 cum
484 3835 877 3888 trecentarum
901 3828 1142 3908 triginta
1168 3827 1404 3889 navium
1428 3826 1616 3888 classe
1646 3826 1986 3887 Messanam
2015 3821 2224 3903 appul-
2246 3833 2421 3902 Polyb.

396 4028 427 4073 ⁰
456 4024 544 4074 lta
567 4025 638 4074 Cr
615 4040 704 4075 rve
709 4024 802 4077 i.er
825 4041 891 4076 ex
926 4027 1095 4078 Fastis
1132 4026 1310 4091 Capit.
1376 4025 1510 4077 Edd-
1551 4026 1770 4091 priores,
1817 4025 1878 4077 L.
1914 4023 2126 4075 Manlius
2161 4021 2227 4074 A.

330 4088 397 4139 F.
416 4090 479 4140 P.
503 4092 571 4143 Ν.
593 4093 735 4154 vulgo
756 4092 965 4156 Longus.

1104 4188 1284 4210 OOom
1287 4187 1465 4209 000000

907 4302 935 4327 ¹
970 4292 1035 4345 A.
1061 4295 1131 4346 U.
1156 4295 1216 4346 C.
1238 4299 1352 4346 496.
1387 4294 1450 4347 A.
1477 4295 1537 4345 C.
1562 4297 1677 4345 2⁵6.
