3025 4892
966 351 1118 404 mn.
1167 350 1399 406 xxiv,
1447 354 1614 406 cn.
1657 336 1768 408 22.
2304 334 2478 406 2023

265 512 433 583 nihil
467 514 535 582 in
563 512 817 583 talibus
845 517 1045 583 rebus
1070 524 1179 582 est
1205 516 1521 603 celerius)
1574 517 1694 583 sed
1724 519 1997 583 nuntius
2028 517 2226 584 etiam
2255 532 2346 582 ex
2376 534 2477 583 re-

268 623 400 705 giis
429 621 668 686 servis.
759 619 997 704 Itaque
1033 618 1562 687 Andrauodorus
1604 631 1669 688 et
1720 620 2024 687 Insulam
2057 628 2127 688 et
2157 640 2381 687 arcem
2414 630 2482 689 et

265 724 427 803 alia,
456 741 613 809 quae
663 728 951 807 poterat,
984 742 1272 808 qumque
1325 730 1715 808 opportuna
1757 733 1967 804 eraut,
2006 725 2343 809 praesidiis
2371 724 2480 790 fir·

264 834 511 893 marat.
600 822 1026 911 Hexapylo‘¹
1067 825 1459 893 Theodotus
1509 847 1592 893 ac
1643 827 1839 894 Sosis
1890 837 2051 914 post
2083 828 2250 893 solis
2282 846 2481 893 occa·

266 948 416 993 sum
435 928 577 1014 jam
606 931 902 995 obscura
929 930 1080 995 luce
1114 932 1383 1009 invecti,
1403 950 1555 997 cum
1584 939 1925 998 cruentam
1948 933 2196 1016 regiam
2225 941 2476 996 vestem

267 1041 472 1116 atque
497 1033 756 1114 insigne
784 1034 1031 1117 capitis
1061 1042 1488 1110 ostentarent,
1523 1037 1801 1101 travecti
1830 1055 1953 1119 per
1983 1034 2339 1120 Tycham,¹
2388 1031 2480 1099 si-

268 1134 411 1200 mul
460 1136 544 1201 ad
599 1135 999 1215 libertatem,
1052 1137 1254 1204 simul
1300 1136 1385 1204 ad
1429 1158 1613 1205 arma
1643 1146 1987 1218 vocantes,
2033 1140 2099 1203 in
2153 1136 2478 1202 Achradi-

267 1245 463 1302 nam²
488 1240 836 1303 convenire
863 1239 1133 1325 jubent.
1225 1239 1625 1321 Multitudo,
1654 1262 1819 1326 pars
1852 1243 2181 1327 procurrit
2211 1241 2279 1305 iu
2309 1241 2482 1316 vias,

268 1348 471 1425 pars³
517 1340 587 1405 in
618 1342 972 1408 vestibulis
1019 1350 1188 1419 stat,
1238 1362 1400 1427 pars
1449 1364 1543 1409 ex
1590 1345 1791 1410 tectis
1832 1344 2275 1429 fenestrisque
2331 1360 2478 1425 pro·

266 1449 596 1529 spectant,
643 1452 735 1523 et,
765 1446 924 1530 quid
970 1448 1062 1513 rei
1093 1447 1211 1525 sit,
1259 1448 1579 1531 rogitant.
1670 1447 1917 1514 Omnia
1946 1447 2311 1512 luminibus
2343 1444 2485 1510 col·

268 1546 516 1621 lucent,
549 1550 965 1633 strepituque
997 1550 1189 1615 vario
1215 1551 1659 1634 complentur.
1753 1551 2006 1617 Armati
2051 1551 2222 1616 locis
2249 1556 2487 1634 paten-

271 1650 457 1715 tibus
508 1659 1018 1735 congregantur.
1125 1652 1420 1718 Iuennes
1472 1670 1564 1718 ex
1622 1652 1928 1738 Olympii
1984 1653 2182 1719 Jovis
2232 1651 2485 1735 templo

272 1754 494 1837 spolia
543 1752 891 1819 Gallorum
936 1755 1470 1841 Illyriorumque,
1512 1755 1688 1821 dono
1735 1756 1889 1822 data
1939 1756 2221 1822 Hieroni
2275 1775 2318 1819 a
2361 1773 2478 1838 po-

270 1856 440 1940 pulo
475 1855 787 1922 Romano
819 1858 1093 1944 fixaque
1132 1859 1222 1924 ab
1263 1877 1369 1939 eo,
1412 1860 1787 1939 detrabunt,
1826 1867 2182 1945 precantes
2215 1858 2262 1925 J
2268 1878 2489 1937 ovem,

271 1964 352 2025 ut
378 1959 614 2026 volens
664 1962 997 2046 propitius
1044 1960 1347 2045 proebeat
1396 1981 1596 2028 sacra
1635 1981 1850 2040 arma,
1897 1982 2021 2048 pro
2067 1964 2315 2047 patria,
2365 1978 2493 2046 pro

275 2063 503 2129 Deur‘n
529 2063 848 2142 delubris,
879 2084 1004 2150 pro
1045 2065 1351 2130 libertate
1383 2084 1538 2131 sese
1586 2066 2019 2131 armantibus.
2109 2063 2293 2130 Haec
2322 2083 2486 2148 quo-

274 2186 408 2251 que
459 2168 840 2246 multitudo,
884 2168 1282 2233 stationibus
1335 2186 1457 2251 per
1506 2168 1853 2254 principes
1904 2169 2242 2251 regionum
2296 2167 2489 2231 urbis

275 2266 650 2356 dispositis,
682 2272 1087 2357 adjungitur.
1177 2270 1260 2337 In
1287 2271 1548 2350 Insula,
1567 2272 1743 2338 inter
1771 2276 2019 2349 cetera,
2042 2269 2488 2336 Audranodo·

276 2389 391 2439 rus
421 2376 760 2460 praesidiis
790 2375 1010 2441 firmat
1039 2376 1276 2441 horrea
1302 2376 1597 2459 publica.
1670 2374 1925 2453 Locu8‚
1948 2393 2121 2439 saxo
2153 2372 2491 2458 quadrato

276 2485 521 2562 septus
568 2488 772 2565 atque
817 2480 993 2544 arcis
1021 2481 1093 2543 in
1127 2478 1403 2543 modum
1437 2480 1798 2556 emunituS,
1827 2479 2091 2563 capitur
2140 2478 2228 2541 ab
2250 2476 2489 2560 juveu-

275 2584 442 2659 tute,
475 2602 628 2666 quae
661 2582 988 2667 praesidio
1010 2583 1155 2667 ejus
1181 2584 1322 2648 loci
1353 2584 1673 2649 attributa
1701 2589 1862 2661 erat,
1894 2583 2297 2665 mittuntque
2328 2598 2491 2644 nun-

277 2684 419 2749 tios
450 2684 516 2749 in
562 2683 1040 2764 Achradinam,
1071 2686 1307 2752 horrea
1337 2687 1875 2771 frumentumque
1922 2688 1991 2750 in
2045 2690 2322 2750 senatus
2370 2704 2492 2768 po-

280 2794 527 2853 testate
552 2808 722 2853 esse.

363 2889 473 2955 22.
521 2889 707 2955 Luce
752 2892 970 2975 prima
1013 2892 1314 2977 populus
1355 2894 1575 2957 omnis
1624 2899 1925 2957 armatus
1972 2892 2371 2975 inermisque
2419 2890 2491 2953 in

277 2989 728 3059 Achradinam
777 2994 860 3060 ad
904 2998 1153 3061 curiam
1198 2996 1538 3061 convenit.
1628 2994 1738 3061 Ibi
1768 3015 1889 3081 pro
1924 2992 2321 3060 Concordiae
2344 3013 2489 3071 ara,

283 3117 443 3181 quae
472 3098 539 3162 in
570 3117 650 3162 eo
683 3099 818 3164 sita
856 3099 1012 3163 loco
1047 3108 1214 3177 erat,
1243 3120 1332 3165 ex
1378 3100 1800 3185 principibus
1842 3118 2014 3164 unus
2061 3098 2326 3162 nomine
2358 3095 2494 3161 Po-

280 3198 592 3285 lyaenus⁴
620 3203 1005 3268 concionem
1036 3211 1105 3269 ct
1131 3203 1410 3268 liberam
1435 3212 1506 3269 et
1537 3202 1948 3269 moderatam
1979 3201 2252 3266 habuit:
2300 3204 2320 3234 ‘
2341 3199 2495 3264 Ser-

284 3499 411 3543 tute
451 3492 780 3546 otonem—1
817 3494 901 3546 ΑΙ.
928 3490 1124 3546 vticam
1149 3503 1204 3545 et
1228 3492 1512 3547 Titan—2
1548 3494 1634 3545 ΑΙ.
1674 3494 2075 3545 anulinum-s
2108 3492 2124 3520 ‘
2152 3489 2292 3541 Add.
2326 3490 2500 3540 edium

283 3559 422 3610 Eud.
451 3567 574 3610 ante
601 3560 763 3611 Drak.
830 3563 936 3611 Sed
963 3563 1162 3612 mallem
1188 3563 1345 3613 etiam
1375 3566 1720 3627 procurrunt..
1739 3593 1753 3609 .
1772 3595 1787 3611 .
1805 3558 1976 3609 aaut?
2008 3558 2207 3609 Stroth.

284 3820 523 3880 civitate,
562 3819 911 3888 impositoque
950 3822 1099 3872 unius
1132 3837 1197 3872 ex
1227 3821 1355 3873 fllia-
1439 3821 1618 3871 Insula
1654 3820 2027 3884 Syracusarum
2074 3816 2285 3882 proprie
2314 3828 2502 3866 nomeu

286 3899 387 3949 bus
425 3898 651 3948 nomine.
723 3899 896 3949 Hodie
928 3900 1111 3950 Siculis
1136 3899 1359 3950 Siracos·
1439 3899 1582 3959 tulit,
1592 3896 1877 3962 junctaque
1897 3904 2010 3945 erat
2031 3902 2188 3960 ponte
2204 3909 2319 3943 cum
2338 3892 2501 3943 Acra-

286 3975 499 4036 dicitnr,
525 3974 774 4038 Hisponis
803 3975 1357 4027 dominantibmsan-
1437 3975 1580 4026 diua·
1647 3975 1745 4024 His
1787 3982 2008 4037 quatuor
2047 3973 2280 4036 partibus
2322 3970 2502 4032 adjici·

283 4067 447 4115 gom.
516 4053 596 4102 Ex
639 4061 863 4116 quntum·
905 4052 1117 4103 urbibus
1158 4062 1361 4104 consts-
1439 4060 1592 4103 untur
1615 4051 1868 4116 Epipoloe‚
1893 4064 2008 4115 quai
2045 4062 2165 4113 pars
2199 4048 2362 4098 instar
2381 4046 2503 4095 sub·

288 4130 404 4192 bat,
427 4142 492 4180 ea
513 4143 699 4194 uennpe
722 4144 840 4195 que
864 4129 1044 4180 Insula
1068 4129 1359 4191 dicebatur,
1438 4128 1596 4178 urbii.

289 4205 575 4268 Acradina,
627 4208 706 4271 (in
757 4221 859 4271 qua
914 4207 1162 4271 templum
1211 4207 1359 4259 Jovin
1504 4205 1530 4240 ¹¹
1566 4202 1843 4270 Hemnlo]
1883 4202 2040 4251 Portu
2061 4200 2159 4253 fuit
2184 4202 2237 4251 in
2265 4216 2327 4251 ea
2351 4206 2504 4265 part·

289 4282 573 4352 Olympii‚)
601 4284 796 4350 Tycha,
818 4290 872 4334 et
898 4284 1138 4350 Neapoli.
1191 4283 1359 4335 Porro
1440 4299 1557 4351 quae
1586 4285 1741 4351 helec
1762 4281 2051 4333 dicebatur.
