3025 4892
1075 376 1222 426 mn.
1270 376 1443 454 xxi.
1494 375 1660 427 cap.
1705 362 1769 425 5.
2344 362 2515 427 1661

310 526 571 609 posset.
657 521 1048 601 Carteiam,⁴
1092 522 1319 587 urbem
1370 523 1783 606 opulentam,
1827 527 2036 606 caput
2081 523 2297 606 gentis
2345 525 2516 609 eju3‚

308 635 664 710 expugnat
707 627 1090 710 diripitque.
1181 623 1342 704 Quo
1389 633 1564 690 metu
1613 625 1936 709 perculsae
1962 626 2253 691 minores
2287 628 2520 692 civita·

311 735 445 808 teS,
471 731 805 813 stipendio
848 730 1191 813 imposito,
1219 730 1573 813 imperium
1617 748 1963 813 accepere.
2049 728 2291 796 Victor
2331 750 2521 795 exer·

313 834 495 898 citus
524 835 1004 919 opulentusque
1034 834 1270 918 proeda
1300 832 1770 916 Carthaginem
1804 820 2050 898 novam
2069 840 2098 879 5
2129 832 2198 897 in
2225 834 2521 918 hyberna

311 947 421 1002 est
446 937 815 1002 deductus·
907 938 1015 1002 lbi
1043 939 1218 1020 large
1248 937 1600 1020 partiendo
1636 937 1955 1021 praedam,
1987 936 2322 1021 stipendio
2353 955 2522 1019 prae-

312 1042 514 1106 terito
535 1048 558 1088 ⁵
604 1061 758 1106 cum
798 1040 929 1106 fide
962 1041 1407 1119 exsolvendo,
1438 1042 1695 1105 cunctis
1730 1040 1978 1105 civium
2009 1040 2522 1125 sociorumque⁶

317 1146 560 1210 animis
606 1147 676 1208 in
721 1165 796 1210 se
840 1145 1141 1223 firmatiS,
1176 1164 1332 1209 vere
1375 1145 1592 1229 primo
1623 1144 1688 1209 in
1719 1141 2101 1208 Vaccaeos'¹
2141 1151 2522 1226 promotum

317 1247 599 1313 bellum.
687 1248 1183 1314 Hermandica·
1207 1257 1275 1314 et
1303 1246 1699 1327 Arbocala‚¹’
1728 1248 2144 1312 Carteiorum
2175 1248 2426 1323 urbeS,⁷
2460 1250 2523 1313 vi

320 1359 572 1435 captae.
660 1350 1009 1418 Arbocala
1055 1358 1121 1417 et
1169 1353 1413 1419 virtute
1462 1361 1532 1418 et
1573 1351 1991 1418 multitudino
2039 1351 2521 1436 oppidanorum

1242 1549 1609 1572 “conmote

313 1685 490 1746 gendo,
522 1688 704 1734 tructus
730 1685 917 1734 Franc.
946 1685 1222 1749 Sanctius3
1256 1688 1531 1751 quandoque
1560 1687 1694 1737 Tau.
1718 1685 2005 1737 Fabae-4
2041 1686 2145 1736 Pro
2173 1687 2414 1736 Carteiam
2440 1686 2529 1734 Al·

317 1752 496 1809 (mam
530 1751 802 1813 legendum
841 1763 1054 1801 censent
1093 1753 1191 1801 viri
1226 1752 1388 1802 docti.
1393 1761 1486 1803 -5
1524 1753 1663 1803 Olim
1688 1754 1961 1816 legebatur
1993 1752 2233 1815 stipendia
2263 1751 2525 1813 prateritu.

320 1816 425 1864 Ma.
450 1816 587 1865 Flor.
620 1818 939 1881 stipendioque
969 1821 1227 1880 preterito.
1231 1823 1327 1868 -6
1360 1818 1461 1869 Ed.
1485 1828 1591 1869 vet.
1632 1820 1766 1882 apud
1802 1819 1978 1882 Sigon.
2009 1818 2180 1867 civium
2212 1832 2419 1879 suorum,
2453 1832 2527 1865 so-

318 1882 604 1944 ciorumque.
608 1885 753 1930 -7‘
773 1883 1098 1932 Hermandica
1123 1889 1173 1934 et
1204 1883 1437 1933 Arbocala
1472 1883 1564 1949 (al.
1603 1884 1864 1963 Arbocaia)
1904 1883 2203 1933 Carecini-um
2242 1882 2413 1931 urbes.-
2462 1895 2530 1930 ex

320 1947 509 2036 'Polyb-
538 1960 627 1999 ιιι.
650 1952 729 2000 14.
751 1949 1138 2013 reponendum:
1174 1950 1509 2000 Elmmticas.
1534 1941 1841 2001 Helmautioa
1859 1955 1908 2000 et
1928 1949 2190 2014 Arbuscula,
2215 1948 2529 2002 Vuccoeoram,

1318 2113 1537 2164 NOTAE

381 2232 410 2259 ¹
442 2224 808 2290 Jungendoqae]
845 2224 955 2277 Aut
993 2226 1383 2292 subintelligen-

324 2300 446 2351 dum
468 2308 566 2358 est,
602 2303 835 2365 proxima
863 2317 1120 2367 qumque,
1154 2310 1247 2353 aut
1270 2318 1385 2353 cum

321 2378 537 2443 Sigonio
559 2379 836 2442 legendum
858 2379 1172 2443 vincmdoqroe
1189 2396 1206 2428 .·
1243 2380 1387 2445 quasi

1467 2228 1586 2279 dem
1630 2228 1910 2290 ulterioris,
1949 2229 2162 2294 (utpote
2197 2228 2350 2291 longe
2394 2224 2532 2275 ultra

1467 2304 1723 2371 Iberum,)
1747 2315 1928 2369 postea
1952 2313 2121 2356 tamen
2153 2299 2534 2354 Tarraconensi

1467 2385 1774 2446 contributi,
1818 2390 1874 2434 et
1917 2382 2197 2433 conventui
2231 2379 2532 2431 cluniensia

324 2458 559 2508 nimirum
599 2456 713 2520 ipso
753 2457 1086 2508 victoriarum
1117 2473 1292 2520 cursu,
1335 2465 1389 2509 et

326 2538 463 2585 velut
509 2535 763 2584 invitante
792 2533 1021 2599 fortuna,
1058 2535 1124 2585 ad
1153 2536 1204 2586 id
1228 2533 1389 2586 fuerit

323 2612 595 2676 impulsus.

389 2697 411 2732 5
435 2689 780 2751 Carthaginem
795 2689 986 2753 nouom]
1010 2689 1147 2739 Duae
1168 2687 1318 2740 fuere
1334 2690 1389 2739 in

328 2765 585 2830 Hispania
618 2765 772 2816 urbes
807 2767 1134 2831 Carthaginis
1165 2769 1388 2824 nomine,

327 2856 360 2890 a
382 2841 558 2893 Poenis
581 2843 838 2894 conditaez
862 2844 1026 2894 altera
1043 2853 1189 2895 retus
1207 2845 1259 2894 iu
1276 2843 1391 2894 fini-

329 2919 422 2970 bus
458 2921 807 2982 Ilercaouunu
838 2925 904 2975 ad
930 2923 1249 2976 confluentes
1282 2925 1392 2978 fere

328 2997 522 3048 Sicoris
565 3007 620 3048 et
672 2999 838 3064 Iberi,
882 3001 972 3052 ubi
1022 3001 1158 3053 nun‘c
1203 3003 1392 3069 Mequi·

327 3083 499 3139 ιιὲιιςιι,
525 3079 624 3140 vel,
646 3084 706 3128 ut
726 3079 814 3129 alii
835 3087 1073 3144 censent,
1099 3081 1359 3133 Cantando
1371 3101 1394 3144 ‚-

326 3152 439 3218 (qui
465 3152 569 3204 duo
594 3161 715 3204 suut
746 3155 850 3206 vici
887 3171 991 3207 non
1016 3157 1292 3209 admodum
1317 3161 1394 3212 in·

330 3236 414 3280 ter
434 3245 491 3282 se
516 3231 707 3295 dissiti,
728 3234 780 3283 in
804 3232 1082 3298 Aragoniae
1106 3243 1163 3288 et
1185 3237 1392 3288 Catulo·

328 3309 432 3359 nias
477 3309 701 3361 confinio
718 3311 763 3377 ς)
798 3316 965 3365 altera
999 3324 1156 3381 portu
1191 3320 1398 3385 nobilis,

331 3388 397 3437 ab
411 3388 746 3440 Hasdrubale
762 3393 995 3456 condita,
1017 3394 1082 3446 ad
1100 3396 1267 3446 sinum
1280 3398 1396 3446 Vir-

331 3466 584 3529 gitanum,
625 3468 680 3517 in
715 3470 1150 3525 Contestauorum
1194 3474 1398 3526 fluibus.

330 3543 467 3594 Haec
521 3543 781 3611 Carthago
840 3548 992 3600 Nova
1031 3559 1088 3601 et
1128 3552 1399 3616 Spartaria

332 3621 472 3674 dicta
495 3630 597 3684 est,
630 3638 662 3675 a
697 3633 894 3690 sparto,
921 3628 1072 3694 eujus
1098 3645 1285 3695 magna
1308 3645 1396 3680 co-

330 3700 421 3763 pia
456 3701 509 3749 in
546 3700 717 3751 vicina
744 3703 992 3767 regione3
1026 3721 1143 3771 quae
1172 3708 1400 3759 metallis

331 3774 540 3843 quoqu'e
553 3778 864 3830 abundabat.
885 3782 1145 3834 Primaria
1155 3782 1259 3834 fuit
1273 3785 1400 3835 Car·

332 3855 736 3919 tbagiuiensium
767 3857 822 3907 in
845 3859 1103 3925 Hispania
1136 3862 1308 3921 sedes,
1345 3867 1402 3912 ut

333 3931 684 3982 Romanorum
716 3933 966 3994 Tarraco,
1003 3938 1305 4002 Scipionum
1344 3954 1401 3990 o·

335 4022 434 4072 pus
450 4025 466 4059 ε
491 4007 645 4059 bodie
672 4010 946 4075 Can-tageno
959 4020 1196 4081 vocatur,
1214 4015 1266 4065 iu
1285 4029 1400 4080 reg-

336 4100 405 4136 no
427 4085 671 4138 Μαι-οἰῶ.

397 4170 421 4196 ⁸
440 4163 505 4212 Ia
530 4162 774 4229 Vuecoeos]
790 4165 983 4217 Procul
1007 4183 1040 4217 a
1061 4167 1290 4232 Carteia,
1308 4184 1407 4221 nec

339 4240 504 4291 multo
531 4242 744 4305 propius
766 4243 1066 4308 a‘Sagunto,
1083 4246 1240 4310 positi
1253 4243 1406 4297 fuere

341 4317 552 4369 Vaceaei
592 4319 790 4387 populi,
824 4320 1096 4387 Hispania
1126 4330 1255 4375 tuuc
1289 4323 1403 4391 qui-

1468 2460 1536 2511 ad
1592 2467 1862 2525 utramque
1914 2457 2059 2508 fuere
2103 2456 2254 2508 Durii
2307 2454 2533 2505 fluminis

1470 2540 1657 2605 ripam,
1700 2540 1790 2590 ubi
1835 2553 1971 2589 narie
2001 2551 2123 2602 pars
2163 2538 2310 2599 regui
2347 2535 2534 2598 Legio-

1471 2618 1665 2682 uensis‚
1700 2625 1756 2667 et
1790 2617 2036 2668 Castellae
2074 2614 2263 2665 veteris
2294 2627 2355 2662 ea
2388 2611 2534 2676 regio

1471 2711 1623 2762 quam
1648 2696 2001 2758 Campestrem
2035 2698 2242 2742 vocant.

1537 2782 1563 2808 ⁸
1594 2772 1941 2836 Hermandica]
1974 2770 2091 2820 Hoc
2128 2767 2307 2833 oppidi
2341 2766 2535 2830 Hispa·

1424 2863 1429 2868 ·
1470 2851 1574 2902 uici
1631 2864 1816 2900 nomen
1870 2847 2148 2910 descripsit
2194 2860 2261 2895 ex
2313 2842 2536 2907 Polybio

1474 2929 1693 2979 Noster.
1782 2927 1888 2977 Ubi
1935 2924 2064 2978 illud
2110 2922 2294 2983 fuerit,
2338 2921 2537 2970 diviua·

1475 3005 1633 3057 tionis
1671 3020 1753 3056 res
1797 3010 1897 3054 est.
1965 3002 2206 3052 Errorem
2247 2998 2333 3048 liic
2368 2997 2537 3062 suspi-

1473 3101 1566 3137 cor
1589 3083 1947 3139 intervenisse,
1969 3080 2103 3146 quod
2128 3081 2180 3128 iu
2206 3075 2425 3142 propriis
2447 3089 2538 3124 uo·

1472 3162 1698 3212 minibus
1736 3159 1891 3210 facile
1931 3156 2215 3217 contingit:
2264 3150 2538 3215 legendum

1474 3238 1617 3289 forte
1640 3238 1853 3294 Sentice,
1876 3234 2013 3301 quod
2038 3234 2200 3283 solum
2230 3246 2293 3279 ex
2319 3230 2541 3279 Vacca!-

1477 3331 1625 3366 orum
1664 3315 1871 3379 oppidis
1906 3310 2202 3361 nonnullam
2238 3307 2429 3355 babere
2466 3305 2540 3353 vi·

1478 3394 1633 3444 detur
1666 3408 1780 3442 cum
1820 3387 2171 3441 Hermandica
2203 3383 2547 3444 affinitatem3

1477 3473 1814 3537 crediturque
1846 3467 2002 3518 fuisse
2038 3464 2125 3514 ubi
2160 3476 2296 3512 nune
2325 3459 2449 3509 Alba
2483 3461 2542 3508 de

1481 3550 1695 3600 Tor-mes.
1748 3545 1981 3598 Turneb.
2008 3555 2136 3592 xm.
2160 3541 2288 3604 legit
2313 3537 2545 3588 Heluian·

1479 3626 1605 3684 dicu,
1645 3632 1701 3675 et
1740 3622 2100 3675 salmanticam
2145 3619 2543 3679 interpretatur,

1481 3703 1668 3753 studiis
1701 3702 1962 3751 nobilem:
2005 3696 2088 3747 cui
2122 3693 2281 3743 facile
2315 3691 2543 3740 adhaese·

1481 3779 1594 3842 rim,
1615 3779 1713 3829 nisi
1741 3778 1857 3827 baec
1887 3771 2205 3824 Vectonibus
2232 3769 2546 3819 tribueretur

1480 3871 1511 3906 a
1535 3857 1676 3907 Ptol.
1697 3869 1804 3905 nou
1828 3852 2080 3902 Vaccaeis.
2488 3909 2494 3916 .

1546 3932 1570 3968 b
1599 3931 1858 3995 Arbocala]
1904 3930 2021 3979 Non
2056 3925 2220 3976 multo
2256 3923 2421 3988 magis
2455 3938 2544 3973 no·

1484 4017 1568 4061 tus
1595 4017 1677 4060 est
1700 4009 1848 4073 hujus
1870 4006 2205 4055 Vaceaeorum
2230 4002 2372 4052 urbis
2395 4000 2545 4049 situs.

1486 4090 1654 4140 Sanso
1684 4093 1806 4151 post
1836 4084 1962 4135 alios
1983 4081 2199 4147 conjicit
2219 4078 2437 4130 eandem
2469 4075 2546 4126 fu-

1484 4166 1588 4217 isse
1605 4180 1721 4217 curn
1738 4162 1987 4214 hodierna
2001 4160 2176 4209 Avila:
2198 4157 2355 4222 paulo
2374 4163 2548 4205 tamen

1485 4243 1649 4308 magis
1675 4241 1740 4294 ad
1765 4238 2066 4290 vocabulum
2095 4233 2303 4288 accedit
2322 4231 2548 4294 Arsacio,

1478 4323 1538 4374 in
1558 4320 1725 4374 veteri
1747 4315 1993 4371 Castalia.
