3025 4892
514 339 689 412 1970
1226 347 1231 354 ’
1449 353 1522 402 τ.
1573 351 1758 400 mvn

516 502 779 585 quanta
822 496 1237 577 indulgentia
1286 497 1697 564 Hannibalis
1748 497 1951 563 etiam
1997 497 2068 561 in
2119 497 2433 580 captivos
2484 514 2718 559 omnes

512 602 742 669 Italici
792 601 1078 666 nominis
1118 601 1378 679 suisset,
1420 600 1749 667 Punicam
1796 599 2128 665 Romana
2173 600 2576 665 societatem
2619 605 2719 662 at·

520 726 656 790 que
686 704 1054 770 amicitiam
1088 705 1589 788 praeoptandam
1619 724 1790 769 esse.
1878 704 1952 768 Si
1986 704 2183 768 ambo
2211 702 2528 767 consules
2567 721 2716 766 cum

515 808 664 873 suis
706 806 1119 872 exercitibus
1148 806 1232 871 ad
1265 805 1515 872 Nolam
1554 813 1808 883 essent,
1840 812 2063 871 tamen
2090 825 2219 870 nou
2250 806 2470 886 magis
2515 823 2720 888 pares

525 909 893 974 Hannibali
935 909 1215 986 futuros,
1247 931 1447 994 quam
1476 910 1561 976 ad
1591 910 1860 976 Cannas
1890 909 2211 974 suist-iente
2266 909 2516 973 nedum
2550 925 2719 991 [πω-

524 1020 631 1076 tor
688 1032 885 1090 unus,
934 1033 1083 1078 cum
1144 1016 1382 1098 paucis
1439 1022 1508 1080 et
1565 1014 1757 1079 novis
1809 1014 2160 1091 militibus,
2214 1011 2471 1077 Nolam
2524 1011 2724 1075 tutari

520 1116 767 1199 possit.
857 1115 1187 1198 Ipsorum,
1220 1125 1465 1202 quam⁷
1502 1117 1963 1194 Hannibalis,p
2001 1116 2346 1192 interesse,
2393 1121 2602 1198 capta
2647 1132 2723 1176 au

525 1219 773 1282 tradita
824 1219 1005 1284 Nola
1050 1222 1398 1303 potiretur.
1507 1220 1888 1285 Potiturnm
1930 1220 2126 1298 enim,
2165 1224 2241 1283 nt
2286 1218 2529 1300 Capua
2579 1215 2722 1280 Nu·

526 1323 836 1407 ceriaque
866 1324 1118 1406 potitus
1149 1333 1363 1389 esset:
1415 1323 1566 1400 sed,
1597 1323 1760 1407 quid
1789 1322 1960 1387 inter
1989 1307 2249 1405 Capuae
2281 1320 2347 1386 N
2352 1319 2728 1403 uueriaeque

526 1425 895 1489 fortunam‘¹
936 1426 1308 1500 interesset,
1336 1426 1527 1509 ipsos
1573 1444 1784 1509 prope
1826 1426 1892 1488 iu
1942 1425 2161 1489 medio
2205 1426 2373 1489 sitos
2416 1422 2730 1487 Nolanos

524 1527 718 1614 scire.
809 1526 1014 1593 Nolle
1053 1528 1355 1604 ominari,
1386 1548 1540 1610 quae
1572 1534 1791 1612 captae
1823 1528 1971 1592 urbi
2004 1546 2277 1592 cessura
2304 1527 2563 1590 forent:
2617 1522 2730 1588 sed

520 1631 760 1712 potius
809 1628 1162 1712 spondere,
1205 1630 1266 1693 si
1314 1629 1714 1696 Marcellum
1764 1649 1917 1696 cum
1969 1630 2292 1714 pracsidio
2336 1648 2419 1693 ac
2477 1626 2730 1692 Nolam

529 1731 990 1810 tradidissent,
1034 1733 1356 1796 neminem
1405 1732 1636 1809 alium,
1688 1753 1888 1816 quam
1940 1733 2152 1817 ipsos,
2195 1733 2431 1814 legem,
2483 1749 2626 1814 qua
2670 1730 2733 1794 in

528 1835 913 1898 societatem
946 1834 1444 1921 amicitiamque
1478 1835 1889 1901 Hannibalis
1925 1838 2246 1914 venirent,
2273 1831 2653 1899 dicturum-⁹

528 2015 531 2022 Ι
615 1938 725 2002 44.
770 1935 883 2001 Ad
915 1957 996 2002 ea
1024 1937 1414 2004 rHerennius
1446 1939 1710 2004 Bassus
1738 1939 2116 2024 respondit:
2170 1945 2189 1976 ‘
2224 1938 2496 2002 Multos
2525 1953 2731 2000 annos

518 2041 662 2125 jam
695 2041 856 2105 inter
886 2040 1266 2107 Romanum
1298 2041 1777 2125 Nolanumque
1807 2042 2130 2126 populum
2159 2041 2529 2105 amicitiam
2563 2058 2732 2115 esse,

526 2144 730 2230 cujus
775 2152 1045 2214 neutros
1088 2143 1175 2209 ad
1206 2164 1357 2210 eam
1388 2144 1565 2210 diem
1598 2145 1927 2227 poenitere
1950 2163 1968 2224 3
1989 2143 2016 2182 ⁸
2067 2152 2140 2208 et
2166 2145 2299 2208 sibi
2330 2144 2389 2207 si
2421 2163 2578 2207 cum
2611 2143 2733 2206 for·

532 2255 693 2310 tuna
744 2246 1065 2313 mutanda
1117 2247 1284 2312 fides
1337 2247 1577 2325 fuerat,
1622 2255 1818 2312 sero⁹
1858 2246 2001 2330 jam
2039 2265 2211 2311 ‘esse
2258 2228 2516 2312 mutare
2562 2264 2732 2310 eam.

527 2350 887 2418 Dedituris
926 2371 1002 2415 se
1032 2350 1413 2416 Hamiibali
1444 2370 1576 2416 non
1607 2349 1816 2415 fuisse
1845 2350 2320 2415 arcessendum·
2350 2349 2732 2414 Romanum

534 2454 959 2535 praesidium:
1007 2474 1158 2519 cum
1210 2454 1322 2532 iis,
1362 2453 1476 2538 qui
1529 2453 1614 2518 ad
1663 2472 1738 2518 se
1782 2452 2061 2517 tuendos
2100 2455 2464 2530 venissent3
2510 2456 2733 2519 omnia

527 2558 663 2624 sibi
711 2565 782 2620 et
828 2577 981 2621 esse
1018 2558 1428 2634 consociata,
1461 2565 1534 2622 et
1573 2555 1662 2622 ad
1698 2556 2001 2622 ultimum
2041 2556 2225 2621 sore-³
2314 2557 2478 2622 Hoc
2525 2557 2730 2621 collo·

530 2660 758 2744 quium
813 2662 1093 2727 abstulit
1146 2680 1334 2744 spem
1393 2660 1768 2725 Hannibali
1817 2680 1938 2743 per
1987 2659 2438 2744 proditionem
2493 2661 2734 2744 recipi·

531 2763 720 2830 endae
770 2764 992 2831 Nolae.
1083 2766 1319 2849 Itaque
1364 2764 1696 2847 oppidum
1735 2783 1983 2828 corona
2021 2763 2492 2842 circumdedit,
2535 2773 2610 2828 ut
2650 2765 2733 2827 si·

535 2867 672 2931 mul
703 2869 787 2931 ab
821 2870 998 2933 omui
1029 2874 1214 2953 parte
1246 2870 1495 2934 moeuia
1525 2866 2013 2949 aggrederetur.
2107 2864 2331 2944 Quem
2363 2873 2439 2932 ut
2470 2875 2732 2933 succes-

532 2970 709 3048 sisse
756 2971 959 3035 muris
1006 2971 1372 3037 Marcellus
1413 2970 1602 3047 vidit,
1651 2972 1978 3036 instructa
2026 2973 2195 3036 intra
2243 2979 2512 3055 portam
2567 2972 2731 3045 acie,

536 3093 692 3137 cum
725 3094 962 3156 magno
988 3075 1273 3139 tumultu
1303 3075 1550 3158 erupit.
1617 3073 1898 3157 Aliquot
1925 3075 2139 3158 primo
2167 3076 2418 3159 impetu
2452 3074 2733 3157 perculsi

537 3176 834 3259 caesique
857 3184 1059 3258 sunt;
1107 3177 1283 3256 dein,
1314 3195 1648 3242 concursu
1679 3176 1766 3241 ad
1792 3183 2162 3262 pugnantes
2192 3177 2445 3243 facto¹⁰
2469 3186 2491 3215 ‘
2513 3194 2734 3264 aequa·

1458 3360 1576 3382 eaeo
1583 3362 1605 3380 e
1611 3360 1663 3382 ee
1671 3360 1818 3385 econ

533 3482 570 3527 6
605 3478 811 3529 Herium
835 3478 1050 3528 Pettium
1071 3479 1199 3530 Mes.
1235 3481 1455 3530 Petrinum
1481 3481 1616 3532 Edu.
1642 3483 1872 3533 anm—⁷
1902 3486 1917 3509 ⁸
1944 3479 2006 3529 In
2033 3476 2167 3528 Edd.
2191 3493 2221 3526 a
2246 3477 2493 3540 Mognnt.
2517 3475 2584 3526 ad
2606 3476 2730 3527 Gru·

538 3561 656 3595 nov.
682 3560 778 3594 non
803 3546 852 3593 in
878 3546 1052 3609 primi·
1077 3554 1130 3595 et
1157 3546 1206 3594 in
1233 3547 1359 3599 Mas.
1392 3546 1547 3609 mugit
1567 3554 1688 3596 ante
1711 3562 1851 3612 quum
1873 3544 2158 3596 insertum.'
2187 3543 2393 3607 Rupere.

605 3799 632 3833 Ρ
654 3792 891 3853 lpum-m,
909 3789 1113 3854 [magia]
1128 3805 1268 3854 quum
1287 3790 1602 3855 Hannibalis]
1683 3792 1975 3848 transierat,
2016 3797 2070 3838 et
2115 3789 2226 3838 mi·
2255 3785 2461 3850 legibus
2496 3785 2724 3837 utebatur

538 3866 606 3915 τὸ
637 3867 791 3926 magis
823 3866 970 3915 abest
1011 3867 1074 3915 ab
1103 3868 1310 3930 optimi·
1333 3868 1502 3917 libris:
1541 3868 1600 3917 il·
1680 3883 1836 3932 snpra
1857 3883 1904 3917 c.
1925 3871 1976 3918 7.
2032 3865 2261 3917 Nuceria
2283 3862 2422 3913 fame
2448 3865 2500 3913 in
2523 3863 2725 3913 deditio·

541 3941 734 4005 ludque
760 3940 1059 3990 adverbium
1095 3951 1149 3990 et
1182 3943 1380 3992 Noster
1401 3951 1456 3993 et
1485 3943 1600 4007 ejus
1682 3959 1796 3994 nem
1833 3950 2073 4006 accepta,
2096 3942 2309 4005 direpta
2340 3948 2499 4006 atque
2534 3942 2722 3991 iucem

542 4019 829 4068 imitatione
849 4017 1064 4067 Tacitus
1093 4033 1449 4083 saepenumero
1469 4035 1598 4086 neg·
1671 4020 1849 4073 fuerat
1868 4035 1986 4085 cap·
2010 4024 2091 4071 16.

540 4097 709 4159 ligant
735 4096 785 4143 in
808 4095 1191 4156 comparatione
1215 4110 1403 4147 rerum.
1744 4101 1942 4156 ‘Deion
1962 4109 2192 4147 concam
2213 4098 2278 4146 «d
2296 4101 2566 4160 putates
2589 4094 2719 4158 [με-

608 4181 633 4218 ⁴1
666 4172 801 4221 Inter
819 4171 995 4234 Capua
1014 4170 1597 4239 Nucedoequefortum]
1682 4176 1817 4240 mun]
1839 4175 2004 4239 sacto]
2043 4176 2226 4228 Potest
2241 4188 2408 4238 mn·
2433 4174 2516 4223 vel
2534 4173 2600 4222 d·
2618 4175 2718 4222 loe·

541 4249 722 4312 capua
765 4245 963 4300 foedere
1007 4247 1058 4296 in
1100 4255 1275 4314 parte·
1317 4250 1599 4302 Poenurum
1681 4267 1868 4320 pugna
1888 4251 2076 4317 accipi,
2095 4250 2176 4302 vel
2192 4249 2260 4300 du
2276 4248 2447 4301 anino
2463 4245 2720 4316 putandi,
