3025 4892
496 319 672 388 1926
1446 335 1513 383 T.
1552 334 1745 384 mvn

502 481 815 565 argenti¹¹
870 499 1043 566 opus
1090 479 1241 559 fuit,
1295 489 1365 545 et
1412 497 1540 546 sex
1588 478 1911 546 mensium
1964 478 2364 545 frumentum
2414 476 2705 561 accepit.

503 585 816 652 Cornelio
860 586 932 650 in
980 585 1299 652 Sardinia
1327 585 1636 651 civitates
1667 582 1877 649 sociae
1923 583 2211 666 benigne
2256 580 2704 648 contulerunt.

506 689 593 754 Et
653 688 897 754 Romae
955 707 1225 773 quoque
1282 695 1560 773 propter
1622 687 1974 772 penuriam
2050 687 2299 770 argenti
2372 684 2706 750 triumviri

504 791 862 869 mensatim
920 792 1271 873 rogatione
1338 790 1441 857 M.
1497 790 1789 857 Minucii
1833 789 2080 857 tribuni
2127 790 2368 874 plebis,
2397 788 2591 865 facti,
2632 786 2708 852 1..

506 895 824 964 AEmilius
882 893 1140 979 PapuS,
1201 896 1321 979 qui
1381 894 1620 962 consul
1645 901 1697 933 ¹²
1759 913 2128 978 censorque
2181 893 2420 970 fuerat,
2480 896 2552 956 et
2613 889 2707 954 Μ.

507 997 753 1063 Atilius
812 996 1134 1081 Regulus,
1193 998 1314 1082 qui
1373 998 1483 1063 bis
1541 997 1781 1063 consul
1841 997 2082 1075 fuerat,
2154 1002 2220 1061 et
2289 995 2373 1060 L.
2433 994 2710 1059 Scribo·

505 1100 661 1165 nius
708 1100 906 1177 Libo,
963 1101 1082 1186 qui
1147 1107 1284 1165 tum
1338 1101 1641 1166 tribunus
1689 1098 1912 1186 plebis
1960 1106 2121 1164 erat.
2229 1097 2320 1165 Et
2375 1096 2713 1163 duumviri

506 1202 731 1282 creati,
763 1201 866 1266 Μ.
896 1209 963 1269 et
996 1202 1074 1269 C.
1104 1200 1324 1281 Atilii,
1354 1202 1570 1268 sedem
1601 1200 2030 1278 Concordiae,
2062 1221 2266 1287 quam
2298 1200 2379 1265 L.
2405 1200 2711 1265 Manlius

508 1311 752 1391 praetor
803 1310 1100 1384 voverat,
1147 1304 1652 1370 dedicaverunt.
1750 1304 1837 1370 Et
1888 1313 2027 1370 tres
2074 1304 2434 1390 pontifices
2479 1304 2713 1379 creati,

510 1408 601 1489 Q.
633 1409 956 1475 Caecilius
991 1408 1332 1486 Metellus,
1374 1416 1444 1472 et
1493 1406 1582 1486 Q.
1623 1407 1881 1474 Fabius
1912 1406 2282 1487 Maximus,
2317 1413 2381 1472 et
2413 1405 2505 1486 Q.
2553 1405 2715 1470 Ful·

508 1515 661 1577 vius
692 1511 1006 1590 Flaccus,
1034 1511 1104 1576 in
1134 1512 1351 1576 locum
1385 1509 1467 1575 Ρ.
1495 1511 1829 1576 Scantinii
1859 1509 2209 1589 demortui,
2241 1515 2311 1576 et
2337 1510 2422 1574 L.
2451 1508 2716 1573 AEmilii

511 1615 736 1680 Paulli
782 1613 1102 1694 consulis,
1151 1621 1217 1679 et
1273 1614 1366 1695 Q.
1416 1613 1583 1679 AElii
1638 1613 1841 1692 Paeti,
1890 1613 2007 1697 qui
2056 1613 2442 1679 ceciderant
2493 1632 2718 1696 pugna

511 1717 920 1783 Cannensi.¹³

594 1820 707 1886 22.
752 1817 923 1884 Cum
954 1824 1199 1898 cetera,
1229 1842 1383 1906 quae
1429 1819 1773 1887 continuis
1802 1818 2112 1886 cladibus
2144 1819 2418 1885 fortuna
2456 1819 2720 1884 minue-

514 1930 636 2003 rat,
665 1928 986 2008 quantum
1016 1924 1322 1990 consiliis
1349 1925 1656 1991 humanis
1683 1924 1952 2009 assequi
1977 1928 2308 2010 poterant,
2331 1921 2574 1988 Patres
2602 1940 2720 1987 ex-

513 2027 853 2111 plessent3
897 2027 1168 2092 tandem
1201 2047 1274 2092 se
1305 2047 1392 2112 qu
1403 2046 1580 2110 oque
1602 2032 1670 2092 et
1699 2026 2131 2092 solitudinem
2152 2025 2384 2104 curiae,
2410 2026 2720 2109 paucita-

514 2136 779 2214 temque
829 2128 1354 2196 convenientium
1400 2130 1487 2196 ad
1538 2129 1879 2214 publicum
1928 2128 2290 2196 consilium
2309 2134 2365 2178 ¹4
2406 2147 2721 2213 respexe-

516 2241 689 2297 runt.
778 2231 1028 2317 Neque
1080 2234 1254 2300 enim
1306 2238 1470 2317 post
1518 2231 1598 2297 L.
1644 2231 1995 2298 AEmilium
2043 2237 2113 2297 et
2161 2230 2242 2296 C.
2275 2230 2724 2296 Flaminium‘

516 2356 833 2403 censores
864 2342 1143 2401 senatus
1170 2336 1389 2401 lectus
1420 2335 1662 2412 fuerat,
1693 2354 1849 2400 cum
1898 2341 2154 2402 tautum
2190 2339 2579 2400 senatorum
2610 2332 2720 2398 ad-

518 2458 732 2505 versae
761 2460 1029 2524 pugnae,
1048 2439 1132 2505 ad
1162 2440 1293 2505 hoc
1316 2439 1425 2504 sui
1444 2457 1776 2524 quemque
1805 2456 2012 2503 casus
2042 2457 2167 2523 per
2193 2436 2726 2523 quinquennium

518 2543 1020 2607 absumsissent.
1130 2540 1302 2606 Cum
1357 2539 1440 2606 de
1497 2559 1583 2604 ea
1633 2559 1704 2604 re
1752 2537 1877 2605 Μ’.
1931 2538 2346 2624 Pomponius
2394 2544 2725 2624 praetor‚⁸⁵

520 2643 852 2709 dictatore
880 2651 1039 2728 post
1069 2642 1438 2709 Casilinum
1466 2643 1791 2707 amissum
1823 2641 2130 2726 profecto
2162 2641 2313 2727 jam
2342 2640 2429 2707 ad
2468 2640 2728 2706 exerci-

522 2754 690 2825 tum,
735 2747 1256 2831 exposcentibus
1302 2746 1569 2810 cunctis
1618 2743 1992 2824 retulisset3
2037 2752 2181 2810 tum
2211 2743 2334 2828 Sp.
2362 2742 2730 2820 Carvilius,

521 2868 675 2913 cum
705 2851 906 2932 longa
938 2849 1242 2914 oratione
1268 2868 1406 2912 non
1437 2847 1656 2912 solum
1686 2847 1988 2931 inopiam
2018 2843 2378 2925 senatuS,¹⁶
2409 2845 2535 2911 sed
2564 2865 2727 2930 pau-

523 2952 789 3016 citatem
833 2953 1034 3017 etiam
1066 2952 1337 3030 civium,
1366 2971 1406 3015 e
1449 2951 1698 3034 quibus
1745 2951 1816 3016 in
1863 2950 2109 3018 Patres
2137 2954 2537 3035 legerentur,
2566 2968 2728 3014 cou-

1443 3133 1812 3155 mmm

522 3243 579 3284 et
604 3232 1072 3298 &cynewium—ll
1115 3233 1197 3283 Al.
1230 3237 1282 3284 in
1301 3250 1343 3285 ο.
1362 3240 1591 3301 quantum
1609 3236 1947 3298 argenti—12
1982 3234 2067 3285 Al.
2089 3233 2424 3297 LvAEm'lt‘ns,
2445 3233 2532 3298 qui
2551 3236 2730 3286 mad.

523 3303 653 3348 -ls
684 3298 808 3348 Ver.
834 3299 921 3348 lib.
945 3298 1082 3363 apud
1105 3299 1280 3362 Sigon.
1311 3301 1364 3348 in
1380 3315 1545 3365 pugna
1568 3302 1822 3351 Cannensi·

590 3368 651 3414 14
685 3364 772 3414 ΑΙ.
799 3364 1192 3414 concilium—15
1230 3366 1313 3415 ΑΙ.
1353 3366 1475 3416 Can
1509 3367 1570 3415 de
1604 3381 1661 3417 ea
1693 3381 1747 3415 re
1783 3365 1859 3415 M.
1883 3366 2112 3416 AEmfflu
2138 3367 2473 3430 pratum-lo
2504 3364 2730 3415 ‘voees-

522 3435 713 3480 oerumu
733 3443 851 3479 cum
872 3431 1073 3480 Stroth.
1091 3445 1121 3480 e
1141 3435 1191 3480 fi.
1216 3432 1348 3480 Mos.
1373 3431 1587 3480 inserui.
1640 3430 1755 3480 Non
1774 3433 1924 3481 mlum
1939 3431 2245 3494 paucitates.
2259 3431 2344 3480 ced
2363 3430 2732 3493 inpia-eci·-

522 3496 699 3545 εἰσίω
719 3495 859 3559 conj.
884 3496 1037 3546 Crev.
1059 3503 1113 3545 et
1138 3495 1280 3545 Duk.
1304 3496 1392 3560 qui
1415 3504 1594 3545 monet
1623 3495 1783 3545 verbu
1815 3509 1929 3546 esse
1965 3497 2373 3561 transponenda,
2399 3495 2539 3560 quod
2571 3496 2731 3557 inopi·

521 3561 710 3612 civium
736 3561 851 3626 plus
873 3562 961 3626 sit,
982 3575 1130 3628 quam
1152 3561 1390 3625 paucum,
1412 3569 1486 3625 et,
1510 3560 1593 3611 ubi
1616 3561 1780 3626 inopia
1798 3562 1884 3620 sit,
1910 3561 1983 3611 ibi
2016 3563 2133 3626 plus
2167 3576 2304 3624 esse,
2325 3576 2483 3626 quam
2519 3562 2731 3623 puna·-

1525 3691 1743 3745 NOTAE

592 3796 614 3840 t
654 3787 915 3837 Τνίιιηιοίνί
944 3787 1194 3852 memmii]
1226 3785 1439 3840 Factum
1471 3790 1590 3854 hoc,
1670 3790 1825 3854 laren,
1862 3798 1918 3842 et
1951 3792 2192 3842 Lustrum
2213 3796 2297 3843 43.
2329 3792 2642 3844 condiderat
2667 3793 2725 3844 1..

527 3877 595 3913 ne
618 3863 771 3913 οδω
795 3865 1018 3915 alienum
1043 3865 1211 3916 turbae
1235 3873 1592 3929 nascerentur,
1670 3865 1907 3917 AEmilius
1944 3867 2142 3932 Papus,
2177 3868 2240 3919 C.
2273 3869 2562 3920 Flaminius
2597 3870 2726 3920 vin-

528 3947 590 4017 nt
612 3939 678 3990 A.
704 3940 772 3991 U.
795 3941 856 3990 C.
879 3946 993 3992 403.
1013 3942 1079 3994 de
1103 3957 1204 4008 quo
1227 3942 1345 3993 vide
1369 3943 1460 3994 lib.
1483 3956 1590 3993 vn.
1672 3942 1973 3994 Flamini-m
2010 3956 2072 3994 ea
2123 3959 2343 3996 censura
2399 3948 2644 4003 munivit,
2673 3953 2729 3996 et

529 4032 578 4066 c.
599 4020 682 4066 21.
715 4017 770 4066 J.
797 4019 1031 4069 Clericus.
1673 4020 1882 4071 Circum
1916 4019 2230 4072 Flsminium
2261 4024 2474 4087 struxit,
2511 4023 2731 4074 trienni·

593 4102 612 4127 ⁸
645 4094 765 4145 Post
796 4093 856 4147 L.
888 4096 1140 4148 Rutilium
1172 4104 1219 4148 el
1263 4099 1320 4148 C.
1353 4098 1590 4149 Flamini·
1672 4106 1791 4161 post
1822 4097 2132 4151 interfectus
2166 4102 2347 4166 prelio
2380 4100 2448 4152 ad
2479 4102 2734 4153 Trasime-

531 4170 635 4235 um]
670 4171 745 4221 Hi
764 4180 887 4223 ante
921 4171 1312 4239 qitadriennium
1346 4188 1590 4226 censores
1671 4187 1811 4225 num.

531 4243 740 4298 fuerant
771 4262 864 4299 au·
904 4249 970 4300 U.
1016 4249 1075 4301 C.
1112 4254 1228 4300 588.
1267 4251 1363 4302 viri
1403 4265 1588 4303 consu·
