3025 4892
518 352 693 421 1476
1457 370 1528 420 τ.
1577 368 1775 418 mvn

519 530 681 579 Zonnr.
846 517 1096 594 rejectus
1118 535 1157 575 a
1186 514 1511 596 Campanis
1539 514 1840 593 Rhegium
1883 512 2236 583 tenentibus,
2263 531 2400 573 mox
2431 514 2488 573 in
2517 514 2743 593 pericu-

845 612 966 671 lum
1005 612 1162 673 haud
1208 611 1699 673 contemnendum
1755 609 1976 671 incidit.
2063 608 2221 669 Cum
2259 611 2418 669 enim
2461 631 2567 691 per
2611 608 2748 670 loca

841 729 1001 769 caeca
1026 720 1087 770 et
1111 709 1359 770 saltibus
1383 709 1669 790 impedita
1692 708 1956 778 duceret,
1983 708 2170 767 coorti
2198 689 2275 766 ex
2303 708 2523 768 insidiis
2549 708 2747 768 hostes

552 808 684 857 Plut.
736 808 787 857 in
842 807 1223 867 turbaverunt
1264 807 1638 867 novissimum
1684 825 1917 884 agmen,
1959 803 2289 884 multosque
2342 805 2557 866 milites
2606 825 2742 865 cum

514 873 722 989 ξὲῐὼο’
775 890 819 923 ⁰⁰
843 902 1073 965 duobus
1098 904 1427 986 elephantis
1451 913 1834 984 peremerunt,

923 1007 1022 1061 22.
1068 1000 1216 1061 Erat
1242 1021 1427 1080 neque
1454 1020 1666 1078 genere
1701 999 2076 1069 bellatorum,
2104 1018 2292 1079 neque
2318 1018 2558 1059 numero
2581 1019 2742 1080 sper-

842 1097 1035 1158 nenda
1059 1118 1284 1169 manns,
1311 1096 1517 1157 decem
1543 1096 1701 1156 haud
1728 1097 1921 1155 minus
1943 1095 2134 1156 millia
2158 1096 2458 1155 hominum
2485 1097 2544 1155 in
2567 1097 2744 1156 armis

841 1195 1311 1265 exercitatorum,
1358 1194 1700 1254 Mamertini
1727 1193 2014 1274 plerique.
2103 1192 2197 1252 Hi
2239 1193 2396 1252 enim
2434 1192 2741 1272 Rhegino-

424 1326 429 1332 ·
513 1304 682 1369 Polyb.
708 1321 743 1359 ι,
767 1312 816 1358 s.
840 1312 967 1352 rum
993 1292 1254 1352 amicitia
1276 1301 1339 1353 et
1362 1292 1714 1371 cognatione
1750 1290 1982 1362 confisi,
2022 1289 2327 1350 intellecto
2352 1290 2653 1370 Pyrrhum
2681 1291 2740 1351 in

515 1387 645 1435 Plut.
846 1389 1089 1450 Italiam
1136 1390 1347 1450 reverti
1377 1390 1768 1461 constituisse,
1798 1388 2011 1448 fretum
2050 1389 2270 1468 priores
2293 1389 2739 1467 transjecerat,

840 1498 901 1547 et
924 1510 1027 1569 spe
1055 1488 1268 1570 praedae
1292 1489 1352 1548 in
1394 1491 1748 1570 opportunis·
1775 1488 1852 1548 ad
1894 1489 2149 1549 subitam
2193 1489 2568 1569 irruptionem
2596 1487 2742 1548 locis

836 1587 1240 1647 consederant.
1326 1586 1403 1646 In
1456 1607 1531 1646 eo
1580 1587 1899 1646 certamine
1941 1605 2075 1645 cum
2117 1606 2224 1667 pro
2264 1585 2438 1647 solita
2486 1585 2742 1646 audacia

840 1684 1109 1765 Pyrrhus
1149 1694 1287 1744 ante
1329 1685 1518 1766 prima
1560 1685 1725 1763 signa
1758 1694 2066 1765 pugnaret,
2096 1684 2154 1743 in
2180 1685 2377 1765 capite
2402 1683 2615 1744 vulnus
2640 1704 2739 1743 ac-

834 1784 1013 1862 cepit.
1098 1782 1205 1842 Ad
1251 1782 1409 1863 quod
1452 1782 1834 1861 obligandum
1876 1804 2011 1843 cum
2054 1804 2131 1843 ex
2163 1784 2290 1844 acie
2325 1782 2620 1865 paulisper
2644 1804 2736 1843 se-

832 1880 1115 1951 cessisset,
1144 1880 1385 1961 quidam
1430 1881 1683 1940 hostium
1727 1880 2127 1960 magnitudine
2168 1882 2429 1962 corporis
2456 1890 2518 1940 et
2546 1901 2735 1941 armo-

830 1997 955 2036 rum
979 1977 1140 2036 cultu
1167 1979 1518 2058 conspicuus
1540 1977 1711 2056 longe
1735 1988 1873 2038 ante
1894 1978 2040 2038 alios
2056 1998 2395 2059 procurrens
2414 1979 2739 2060 increpavit

827 2094 962 2133 eum
987 2073 1147 2134 elata
1166 2094 1338 2145 voce,
1355 2075 1652 2154 jussitque
1679 2074 1930 2156 prodire,
1956 2076 2004 2135 si
2034 2077 2275 2136 viveret.
2343 2075 2442 2136 Ibi
2468 2076 2739 2157 Pyrrhus

831 2171 1041 2230 ardens
1066 2171 1174 2242 ira,
1200 2172 1447 2251 visuque
1474 2180 1540 2231 et
1563 2180 1837 2231 manante
1866 2193 1969 2253 per
1993 2172 2204 2233 faciem
2221 2194 2424 2234 cruore
2439 2173 2734 2243 terribilis,

832 2268 1114 2347 impetum
1141 2268 1200 2327 in
1227 2277 1690 2349 provocatorem,
1717 2268 1927 2329 frustra
1954 2270 2335 2329 retinentibus
2358 2270 2495 2342 suis,
2511 2270 2733 2330 vertit:

831 2373 1300 2446 occupatumque
1328 2365 1498 2427 illata
1525 2367 1582 2426 in
1612 2376 1793 2447 caput
1812 2367 1992 2447 plaga
2010 2368 2340 2447 prosternit.
2427 2367 2736 2428 Memoriae

831 2461 1127 2542 proditum
1152 2471 1262 2535 est,
1288 2483 1420 2523 eam
1448 2462 1634 2541 gladii
1659 2465 2020 2545 temperiem,
2048 2483 2298 2544 eamque
2328 2465 2449 2525 vim
2475 2464 2738 2524 ferientis
2763 2464 2778 2472 ’

832 2559 1028 2633 fiiisse,
1055 2571 1142 2634 ut,
1170 2562 1434 2622 infimum
1463 2562 1540 2622 ad
1568 2583 1778 2643 corpus
1807 2562 2049 2622 vulnere
2082 2563 2443 2634 continuato,
2471 2564 2738 2644 partibus

832 2659 1119 2739 utrimque
1153 2660 1576 2730 dilabentibus,
1612 2660 1868 2720 medium
1901 2660 2192 2720 hominem
2218 2660 2425 2721 eodem
2464 2662 2586 2721 ictu
2614 2660 2733 2720 dis-

827 2771 1070 2823 secaret.
1158 2762 1309 2843 Ejus
1335 2762 1660 2843 spectaculi
1687 2760 1846 2822 foeda
1872 2761 2132 2821 novitate
2160 2759 2413 2841 perculsi
2432 2761 2646 2831 hostes,
2673 2767 2736 2819 et

826 2866 892 2916 ut
918 2858 1201 2936 majorem
1227 2860 1520 2919 communi
1545 2859 1842 2918 hominum
1882 2867 2036 2918 sorte
2071 2858 2260 2918 virum
2302 2858 2556 2930 reveriti,
2583 2877 2732 2939 pug-

825 2973 962 3012 nam
990 2955 1324 3017 omiserunt.

909 3057 1011 3115 23.
1057 3051 1347 3133 Pyrrhus,
1374 3052 1485 3112 hac
1507 3052 1776 3112 molestia
1804 3051 2049 3122 solutus,
2076 3071 2191 3112 non
2220 3051 2355 3114 ideo
2382 3052 2570 3113 laetior
2591 3072 2729 3131 age-

828 3148 956 3209 bat.
1040 3149 1222 3216 Quod
1248 3151 1400 3210 enim
1427 3171 1563 3231 pars
1587 3150 2129 3231 impedimentorum
2154 3151 2269 3210 isto
2287 3151 2491 3231 praelio
2516 3151 2732 3211 amissa

829 3255 975 3316 erat,
1002 3255 1066 3307 et
1089 3267 1230 3328 opes
1254 3267 1331 3308 ex
1365 3247 1589 3307 Siciliae
1631 3247 1833 3328 spoliis
1867 3257 2066 3328 partas
2111 3247 2317 3328 prioris
2355 3268 2491 3309 cum
2534 3248 2730 3310 Poeno

503 3326 705 3399 Dmyn.
722 3350 802 3400 ³1>-
829 3363 1042 3424 pugnae
1066 3365 1237 3405 casus
1261 3345 1683 3425 interceperat:
1730 3345 1788 3404 in
1834 3364 2050 3423 magna
2085 3347 2169 3404 rei
2209 3346 2550 3406 nummariae
2573 3345 2730 3407 diffi-

650 3433 665 3448 '
827 3440 1071 3513 onitate,
1123 3461 1257 3501 cum
1310 3442 1692 3523 poscentibus
1733 3441 2025 3521 stipendia
2074 3442 2358 3503 militibus
2408 3464 2524 3504 non
2577 3454 2731 3505 esset

827 3537 982 3597 unde
1020 3540 1437 3619 praeberentur,
1465 3539 1694 3599 dicatos
1735 3539 2110 3620 Proserpinae
2149 3540 2451 3601 thesauros
2474 3541 2730 3622 spoliare

825 3644 1065 3695 coactus
1088 3646 1196 3695 est.
1284 3636 1515 3696 Fanum
1541 3635 1689 3696 illud
1717 3635 1872 3717 apud
1913 3636 2232 3696 Locrenses
2256 3638 2531 3719 opinione
2554 3659 2726 3700 sanc-

824 3732 1014 3791 titatis
1038 3733 1478 3793 celeberrimum
1504 3734 1574 3793 iis
1599 3734 1955 3814 temporibus
1978 3732 2109 3796 fuit.
2196 3735 2399 3802 Quam
2423 3736 2726 3797 civitatem

519 3865 626 3916 U„-
645 3880 802 3919 nm
825 3850 959 3889 cum
987 3830 1258 3913 Pyrrhus
1285 3832 1559 3891 animatis
1585 3831 1895 3912 praesentia
1915 3851 2021 3891 sua
2041 3833 2218 3910 regiae
2236 3832 2511 3894 factionis
2537 3835 2724 3895 homi-

500 3936 580 3983 18.
615 3997 625 4008 ³
827 3928 997 3987 nibus
1019 3929 1361 4009 recepisset;
1403 3928 1594 3987 multa
1617 3930 1677 3987 in
1704 3928 2022 3988 Locrenses
2042 3927 2201 3989 soeda
2222 3928 2488 3991 facinora
2511 3931 2723 4005 edidit,

494 3997 707 4113 2522*
720 4014 801 4064 ⁸9·
826 4023 1093 4103 cupidius
1116 4034 1178 4084 et
1204 4024 1402 4095 latius,
1423 4045 1602 4105 quam
1625 4025 1912 4085 interfecti
1933 4024 2188 4106 praesidii
2213 4026 2537 4107 postularet
2552 4028 2721 4101 ultio,

540 4160 640 4210 Dio
683 4179 713 4212 α
823 4118 1086 4180 caedibus
1108 4131 1170 4181 et
1192 4123 1409 4202 rapinis
1434 4123 1491 4181 in
1520 4122 1754 4181 miseros
1770 4131 2080 4201 grassatum.
2164 4122 2496 4204 Postquam
2522 4136 2720 4187 autem

494 4223 657 4276 νεύει.
710 4178 766 4227 P·
823 4217 969 4277 nihil
995 4229 1313 4298 supererat,
1340 4217 1502 4299 quod
1525 4216 1786 4281 conferre
1831 4219 2093 4281 homines
2125 4220 2352 4282 vellent
2386 4233 2717 4305 possentve,
