3025 4892
483 358 658 427 1620

360 801 371 812 '
484 819 784 884 Polyb.1.88.

488 1506 658 1557 Zonar.

489 1601 669 1668 Polyb.

515 1691 689 1759 Polyb.
702 1710 768 1744 111
777 1730 787 1742 .

491 1760 574 1807 10.

511 1973 789 2039 CormNep.

487 2038 542 2087 in
564 2038 775 2091 Hamile.

488 2563 791 2619 venethi-1.

511 2854 733 2909 I..iv.xxx

486 2924 570 2971 40.

487 3048 656 3101 zonat.

521 3728 693 3795 Polyb.
728 3743 791 3779 u.

1431 374 1501 425 T.
1551 374 1741 424 lell

809 518 1084 591 studium,
1113 538 1366 599 quocum
1390 539 1494 600 per
1522 540 1707 579 annos
1729 526 1979 600 quatuor
1996 525 2058 578 et
2080 515 2289 596 viginti
2315 514 2556 597 ancipiti
2583 513 2700 575 for-

812 625 956 676 tuna
981 626 1298 697 pugnatum
1327 617 1729 687 meminerant,
1757 625 1840 686 et,
1863 616 1975 676 nisi
2008 615 2070 674 in
2095 624 2352 694 tempore
2371 632 2702 674 occurrere-

812 721 926 785 tur,
955 714 1134 773 etiam
1169 723 1374 794 postea
1407 713 1787 793 pugnandum
1818 712 1931 772 sibi
1971 712 2423 793 prospiciebant.
2493 710 2700 776 Quare

810 830 945 869 cum
999 810 1333 871 Sardiniam
1385 812 1552 871 inviti
1603 811 1966 870 dimitterent
2012 808 2211 880 Poeni,
2240 810 2487 887 jamque
2537 805 2703 867 bello

809 917 1014 967 contra
1038 908 1423 968 mercenarios
1461 907 1745 979 defuncti,
1790 927 1950 967 arma
1990 905 2335 966 defectionis
2368 904 2706 965 auctoribus

811 1002 1023 1063 inferre
1051 1003 1486 1075 meditarentur,
1518 1013 1754 1085 arrepta
1788 1005 1914 1064 haec
1942 1023 1980 1064 a
2003 1003 2298 1066 Romanis
2332 1011 2423 1061 est
2445 999 2701 1070 occasio,

812 1109 829 1135 ‘
850 1099 1186 1183 bellumque
1213 1101 1445 1162 Poenis'
1485 1101 1810 1174 decretum,
1856 1110 1873 1138 ⁸
1894 1101 1954 1160 ni
1982 1101 2176 1170 armis,
2203 1119 2338 1181 quie
2363 1099 2422 1157 in
2446 1097 2704 1178 speciem

811 1181 1090 1258 adversus
1128 1196 1381 1258 rebelles
1416 1218 1573 1268 suos,
1619 1218 1680 1258 re
1723 1207 1919 1258 autem
1959 1218 2102 1259 vera
2143 1205 2350 1262 contra
2395 1194 2705 1256 Romanos

810 1295 1165 1366 sumsissent,
1194 1295 1617 1355 abstineretur?
1659 1295 1761 1354 Ita
1788 1293 2323 1374 Carthaginienses,
2341 1292 2535 1352 alieno
2552 1300 2705 1351 tem-

811 1411 952 1473 pore
995 1389 1219 1451 bellum
1260 1392 1661 1469 gravissimum
1702 1392 1992 1471 suscipere
2035 1390 2324 1460 nolentes,
2367 1409 2484 1448 non
2527 1387 2707 1448 modo

812 1508 1034 1548 cessere
1071 1486 1369 1559 Sardinia,
1410 1488 1513 1548 sed
1549 1490 1751 1560 etiam,
1797 1488 2229 1569 postulantibus
2267 1486 2586 1556 Romanis,
2627 1483 2707 1546 ad

814 1585 1062 1666 priorem
1108 1604 1395 1645 summam
1421 1584 1765 1665 adjecerunt
1788 1586 2011 1664 argenti
2047 1584 2272 1645 talenta
2294 1583 2455 1646 mille
2482 1581 2705 1643 ducen-

812 1691 877 1742 ta
901 1686 953 1742 :⁸
993 1702 1126 1762 quae
1158 1683 1418 1742 maxime
1456 1683 1673 1762 injuria
1714 1703 1898 1762 aegros
1938 1682 2209 1743 babuisse
2254 1680 2707 1759 Carthaginien-

619 1838 736 1872 ιη
775 1859 788 1874 ·
813 1779 962 1839 sium
989 1779 1237 1850 animos,
1268 1800 1457 1859 neque
1486 1779 1614 1839 ulla
1637 1781 1823 1859 magis
1845 1800 2027 1841 causa
2048 1779 2273 1840 bellum
2301 1798 2438 1839 mox
2462 1778 2708 1840 Hanni·

816 1874 1076 1935 balicum
1100 1876 1384 1936 exarsisse
1412 1875 1687 1937 creditur.
1774 1876 2140 1937 Hamilcaris
2168 1877 2324 1936 enim
2363 1885 2710 1956 perpetuum

814 1971 1091 2032 adversus
1136 1972 1444 2034 Romanos
1478 1974 1702 2048 odium,
1745 1976 1843 2036 cui
1883 1975 2105 2036 bellum
2156 1974 2453 2035 Punicum
2501 1992 2708 2033 secun·

813 2067 956 2129 dum
982 2089 1099 2129 non
1125 2070 1320 2151 inepte
1344 2072 1684 2152 imputatur,
1705 2093 1824 2133 non
1841 2071 2079 2132 aliunde
2104 2081 2210 2132 aut
2231 2071 2534 2133 stimulum
2560 2069 2708 2130 acri-

813 2185 996 2236 orem,
1025 2174 1130 2226 aut
1152 2165 1475 2227 fomentum
1500 2169 1716 2230 certius
1740 2169 1964 2230 habuit.
2047 2169 2329 2229 Ceterum
2353 2168 2481 2228 haec
2507 2175 2712 2249 postea

814 2273 1155 2323 evenerunt.

894 2365 953 2422 7.
994 2357 1147 2418 Tum
1173 2380 1314 2421 vero
1341 2362 1507 2422 novis
1531 2363 1870 2424 consulibus
1897 2364 1969 2426 L.
2001 2363 2285 2425 Cornelio
2308 2362 2377 2426 L.
2398 2362 2472 2423 F.
2490 2361 2594 2424 Ti.
2616 2357 2705 2422 N.

816 2454 1068 2517 Lentulo
1096 2456 1393 2529 Caudino,
1424 2459 1507 2527 Q.
1540 2460 1753 2521 Fulvio
1781 2461 1873 2521 M.
1903 2460 1978 2523 F.
2011 2461 2094 2529 Q.
2124 2460 2214 2523 N.
2245 2461 2518 2532 Flacco‚''
2540 2458 2710 2521 Galli

816 2551 1140 2634 Cispadani
1167 2555 1469 2635 provincia
1493 2555 1655 2617 data.
1740 2556 2055 2618 Coloniam
2080 2559 2193 2619 hoc
2214 2578 2370 2619 anno
2393 2557 2712 2618 deductam

810 2669 936 2709 esse
965 2648 1335 2722 Valentiam,
1367 2671 1707 2732 quanquam
1740 2675 1779 2715 a
1821 2655 2171 2734 quibusdam
2214 2655 2486 2725 traditur,
2513 2652 2705 2714 haud-

811 2767 1112 2828 quaquam
1143 2758 1417 2811 constans
1440 2751 1642 2832 opinio
1674 2761 1802 2812 est:
1846 2752 1958 2813 nisi
1998 2751 2124 2813 alia
2163 2752 2456 2814 Valentia
2497 2761 2709 2832 praeter

741 2875 789 2910 v.
813 2842 1112 2905 Vibonem
1136 2844 1274 2916 fuit,
1307 2867 1487 2926 quam
1512 2848 1682 2908 annis
1717 2856 1849 2929 post
1873 2849 2327 2930 quinquaginta,
2359 2848 2431 2911 L.
2463 2846 2712 2916 Quintio

815 2938 1176 3012 Flaminino,
1219 2941 1333 3001 Cn.
1381 2941 1653 3005 Domitio
1698 2945 2043 3007 AEnobarbo
2084 2947 2440 3017 consulibus,
2487 2945 2714 3006 colonis

810 3045 1164 3115 occupatam
1191 3058 1315 3097 esse
1343 3040 1689 3101 certioribus
1721 3044 2059 3105 auctoribus
2083 3043 2341 3105 credam.
2427 3043 2710 3103 Ceterum

812 3131 1151 3192 consulibus
1175 3133 1235 3194 in
1262 3155 1403 3213 agro
1429 3134 1698 3209 Gallico,
1725 3138 1915 3200 donec
1940 3143 2289 3221 conjunctas
2314 3140 2577 3219 legiones
2611 3125 2715 3200 ha·

811 3228 1011 3299 buere,
1040 3238 1168 3290 tuta
1193 3239 1255 3290 et
1278 3250 1555 3312 prospera
1578 3234 1882 3315 expeditio
1912 3236 2060 3298 fuit:
2103 3245 2412 3318 postquam
2440 3235 2716 3317 cupidine

812 3323 985 3403 plura
1003 3325 1274 3386 vastandi
1300 3327 1624 3390 diviserunt
1640 3333 1987 3403 exercitum,
2007 3333 2090 3401 Q.
2112 3333 2308 3395 Fulvii
2322 3343 2519 3395 castra
2539 3343 2714 3394 noctu

811 3431 1175 3501 oppugnata,
1202 3434 1265 3484 et
1288 3444 1441 3504 aegre
1459 3436 1690 3488 retenta
1719 3438 1873 3490 sunt.
1937 3429 2106 3490 Galli
2123 3451 2186 3490 re
2211 3430 2430 3492 infecta
2448 3430 2713 3510 digressi,

813 3517 992 3596 paulo
1018 3527 1150 3598 post
1171 3523 1436 3599 graviore
1454 3544 1592 3596 cum
1619 3535 1834 3587 terrore
1860 3528 2166 3607 auctisque
2192 3530 2476 3608 majorem
2495 3529 2556 3587 in
2587 3548 2709 3588 mo·

812 3612 954 3674 dum
979 3616 1167 3696 copiis
1191 3616 1269 3676 ad
1294 3619 1521 3679 bellum
1547 3630 1928 3684 reverterunt.
2015 3624 2298 3685 Boiorum
2323 3625 2480 3685 enim
2513 3625 2712 3695 duces,

811 3709 1145 3772 clanculum
1185 3714 1335 3776 inter
1358 3737 1421 3777 se
1461 3718 1722 3780 consiliis
1757 3722 2016 3799 agitatis,
2045 3721 2342 3802 ingentem
2367 3721 2702 3802 Transalpi·

812 3827 1020 3869 norum
1062 3829 1299 3871 manum
1342 3812 1420 3873 ad
1460 3815 1801 3877 societatem
1839 3838 2132 3881 armorum
2171 3829 2379 3881 contra
2405 3818 2712 3881 Romanos

890 3953 908 3984 ⁸
929 3952 1139 4015 Argenti
1163 3956 1339 4006 taleam
1363 3957 1489 4007 mille
1504 3960 1736 4026 ducenta]
1807 3964 1996 4012 mimus
2020 3963 2072 4013 iu
2100 3971 2208 4013 not.
2239 3963 2304 4014 ad
2329 3978 2377 4013 c.
2409 3968 2490 4014 60.
2527 3965 2557 4013 Ι.
2589 3975 2718 4014 xix.

809 4013 866 4065 81
912 4019 1109 4067 talenta
1156 4020 1246 4069 ina
1294 4021 1529 4072 Euboica
1568 4024 1734 4087 fuere,
1806 4031 2149 4079 aesrimatione
2210 4043 2401 4079 marce
2458 4037 2722 4079 nostrate·

811 4081 982 4144 qualia
1004 4097 1065 4132 ea
1102 4099 1219 4148 qnoe
1258 4085 1309 4134 in
1343 4087 1730 4141 conditionibus
1802 4097 1982 4144 76000.
2019 4096 2161 4146 Crev-

814 4147 958 4222 pacis
980 4149 1360 4227 penderejussi
1384 4150 1590 4204 fuerant
1609 4155 1730 4208 Poe·
1865 4167 1892 4192 ⁸
1926 4158 1991 4209 A.
2018 4159 2083 4211 U.
2107 4161 2167 4212 C.
2190 4165 2308 4212 516.
2344 4158 2412 4218 Α,
2438 4160 2498 4216 Ο.
2519 4161 2631 4209 237·

815 4225 889 4268 nn,
914 4209 1041 4265 fient
1064 4228 1131 4263 ex
1155 4216 1245 4266 ιΙΙι
1268 4231 1422 4283 quam
1444 4233 1603 4284 supra
1624 4228 1728 4271 sta·
