<?xml version="1.0" encoding="UTF-8"?>
<!DOCTYPE html PUBLIC "-//W3C//DTD XHTML 1.0 Transitional//EN"
    "http://www.w3.org/TR/xhtml1/DTD/xhtml1-transitional.dtd">
<html xmlns="http://www.w3.org/1999/xhtml" xml:lang="en" lang="en">
 <head>
  <title>
</title>
<meta http-equiv="Content-Type" content="text/html;charset=utf-8" />
  <meta name='ocr-system' content='tesseract 3.04.00' />
  <meta name='ocr-capabilities' content='ocr_page ocr_carea ocr_par ocr_line ocrx_word'/>
</head>
<body>
  <div class='ocr_page' id='page_1' title='image "./tliviipatavinih04unkngoog_0128.png"; bbox 0 0 3025 4892; ppageno 0'>
   <div class='ocr_carea' id='block_1_1' title="bbox 497 329 669 399">
    <p class='ocr_par' dir='ltr' id='par_1_1' title="bbox 497 329 669 399">
     <span class='ocr_line' id='line_1_1' title="bbox 497 329 669 399; baseline 0.012 -2"><span class='ocrx_word' id='word_1_1' title='bbox 497 329 669 399; x_wconf 76' lang='lat'>1508</span> 
     </span>
    </p>
   </div>
   <div class='ocr_carea' id='block_1_2' title="bbox 502 894 800 944">
    <p class='ocr_par' dir='ltr' id='par_1_2' title="bbox 502 894 800 944">
     <span class='ocr_line' id='line_1_2' title="bbox 502 894 800 944; baseline 0 0"><span class='ocrx_word' id='word_1_2' title='bbox 502 894 534 944; x_wconf 86' lang='lat' dir='ltr'>J</span> <span class='ocrx_word' id='word_1_3' title='bbox 539 899 800 944; x_wconf 67' lang='lat' dir='ltr'><strong>unt-xxm.</strong></span> 
     </span>
    </p>
   </div>
   <div class='ocr_carea' id='block_1_3' title="bbox 502 962 674 1090">
    <p class='ocr_par' dir='ltr' id='par_1_3' title="bbox 502 962 674 1090">
     <span class='ocr_line' id='line_1_3' title="bbox 502 962 674 1090; baseline 0.012 -18"><span class='ocrx_word' id='word_1_4' title='bbox 502 962 674 1090; x_wconf 41' lang='lat' dir='ltr'><strong>&amp;olym</strong></span> 
     </span>
    </p>
   </div>
   <div class='ocr_carea' id='block_1_4' title="bbox 1451 345 1759 397">
    <p class='ocr_par' dir='ltr' id='par_1_4' title="bbox 1451 345 1759 397">
     <span class='ocr_line' id='line_1_4' title="bbox 1451 345 1759 397; baseline 0.003 -1"><span class='ocrx_word' id='word_1_5' title='bbox 1451 347 1523 396; x_wconf 70' lang='grc' dir='ltr'><strong>Τ.</strong></span> <span class='ocrx_word' id='word_1_6' title='bbox 1570 345 1759 397; x_wconf 73' lang='lat' dir='ltr'><strong>lell</strong></span> 
     </span>
    </p>
   </div>
   <div class='ocr_carea' id='block_1_5' title="bbox 822 481 2747 3575">
    <p class='ocr_par' dir='ltr' id='par_1_5' title="bbox 822 481 2724 1157">
     <span class='ocr_line' id='line_1_5' title="bbox 822 481 2721 574; baseline -0.003 -19"><span class='ocrx_word' id='word_1_7' title='bbox 822 493 1000 564; x_wconf 76' lang='lat' dir='ltr'><strong>ronis,</strong></span> <span class='ocrx_word' id='word_1_8' title='bbox 1035 500 1099 553; x_wconf 88' lang='lat' dir='ltr'><strong>et</strong></span> <span class='ocrx_word' id='word_1_9' title='bbox 1141 481 1458 553; x_wconf 85' lang='lat' dir='ltr'><strong>amicorum</strong></span> <span class='ocrx_word' id='word_1_10' title='bbox 1481 493 1612 572; x_wconf 88' lang='lat' dir='ltr'><strong>ejus</strong></span> <span class='ocrx_word' id='word_1_11' title='bbox 1645 513 1845 574; x_wconf 88' lang='lat' dir='ltr'><strong>opera,</strong></span> <span class='ocrx_word' id='word_1_12' title='bbox 1881 491 2037 553; x_wconf 89' lang='lat' dir='ltr'><strong>clam</strong></span> <span class='ocrx_word' id='word_1_13' title='bbox 2064 488 2414 551; x_wconf 68' lang='lat' dir='ltr'><strong>introminis</strong></span> <span class='ocrx_word' id='word_1_14' title='bbox 2436 488 2721 551; x_wconf 80' lang='lat' dir='ltr'><strong>militibus</strong></span> 
     </span>
     <span class='ocr_line' id='line_1_6' title="bbox 823 586 2719 672; baseline -0.002 -21"><span class='ocrx_word' id='word_1_15' title='bbox 823 592 1028 652; x_wconf 86' lang='lat' dir='ltr'><strong>urbem</strong></span> <span class='ocrx_word' id='word_1_16' title='bbox 1061 591 1120 650; x_wconf 90' lang='lat' dir='ltr'><strong>in</strong></span> <span class='ocrx_word' id='word_1_17' title='bbox 1145 598 1494 672; x_wconf 85' lang='lat' dir='ltr'><strong>potestatem</strong></span> <span class='ocrx_word' id='word_1_18' title='bbox 1521 589 1885 670; x_wconf 72' lang='lat' dir='ltr'><strong>redegerunt.</strong></span> <span class='ocrx_word' id='word_1_19' title='bbox 1970 587 2070 649; x_wconf 92' lang='lat' dir='ltr'><strong>Ibi</strong></span> <span class='ocrx_word' id='word_1_20' title='bbox 2097 586 2291 648; x_wconf 88' lang='lat' dir='ltr'><strong>Hiero</strong></span> <span class='ocrx_word' id='word_1_21' title='bbox 2329 586 2629 648; x_wconf 84' lang='lat' dir='ltr'><strong>excelsum</strong></span> <span class='ocrx_word' id='word_1_22' title='bbox 2654 607 2719 647; x_wconf 83' lang='lat' dir='ltr'><strong>se</strong></span> 
     </span>
     <span class='ocr_line' id='line_1_7' title="bbox 823 683 2717 768; baseline -0.002 -20"><span class='ocrx_word' id='word_1_23' title='bbox 823 688 1013 748; x_wconf 78' lang='lat' dir='ltr'><strong>virum</strong></span> <span class='ocrx_word' id='word_1_24' title='bbox 1032 697 1095 748; x_wconf 91' lang='lat' dir='ltr'><strong>et</strong></span> <span class='ocrx_word' id='word_1_25' title='bbox 1117 688 1573 768; x_wconf 76' lang='lat' dir='ltr'><strong>quanticumque</strong></span> <span class='ocrx_word' id='word_1_26' title='bbox 1593 687 1821 768; x_wconf 90' lang='lat' dir='ltr'><strong>imperii</strong></span> <span class='ocrx_word' id='word_1_27' title='bbox 1845 705 2128 767; x_wconf 87' lang='lat' dir='ltr'><strong>capacem</strong></span> <span class='ocrx_word' id='word_1_28' title='bbox 2147 683 2402 745; x_wconf 75' lang='lat' dir='ltr'><strong>ostendit</strong></span> <span class='ocrx_word' id='word_1_29' title='bbox 2423 704 2439 744; x_wconf 78' lang='lat' dir='ltr'>t</span> <span class='ocrx_word' id='word_1_30' title='bbox 2482 704 2621 745; x_wconf 88' lang='lat' dir='ltr'><strong>nam</strong></span> <span class='ocrx_word' id='word_1_31' title='bbox 2638 703 2717 744; x_wconf 85' lang='lat' dir='ltr'><strong>ex</strong></span> 
     </span>
     <span class='ocr_line' id='line_1_8' title="bbox 823 780 2720 866; baseline -0.002 -22"><span class='ocrx_word' id='word_1_32' title='bbox 823 783 1067 845; x_wconf 79' lang='lat' dir='ltr'><strong>diversis</strong></span> <span class='ocrx_word' id='word_1_33' title='bbox 1084 784 1347 866; x_wconf 86' lang='lat' dir='ltr'><strong>partibus</strong></span> <span class='ocrx_word' id='word_1_34' title='bbox 1360 784 1581 845; x_wconf 90' lang='lat' dir='ltr'><strong>occidit</strong></span> <span class='ocrx_word' id='word_1_35' title='bbox 1595 792 1701 844; x_wconf 88' lang='lat' dir='ltr'><strong>aut</strong></span> <span class='ocrx_word' id='word_1_36' title='bbox 1714 784 1893 863; x_wconf 86' lang='lat' dir='ltr'><strong>ejecit</strong></span> <span class='ocrx_word' id='word_1_37' title='bbox 1910 782 2229 851; x_wconf 86' lang='lat' dir='ltr'><strong>neminem;</strong></span> <span class='ocrx_word' id='word_1_38' title='bbox 2260 780 2364 841; x_wconf 86' lang='lat' dir='ltr'><strong>sed</strong></span> <span class='ocrx_word' id='word_1_39' title='bbox 2383 780 2720 853; x_wconf 84' lang='lat' dir='ltr'><strong>clementia,</strong></span> 
     </span>
     <span class='ocr_line' id='line_1_9' title="bbox 826 879 2724 962; baseline -0.002 -20"><span class='ocrx_word' id='word_1_40' title='bbox 826 881 1242 952; x_wconf 74' lang='lat' dir='ltr'><strong>moderamine,</strong></span> <span class='ocrx_word' id='word_1_41' title='bbox 1282 882 1570 962; x_wconf 89' lang='lat' dir='ltr'><strong>rectisque</strong></span> <span class='ocrx_word' id='word_1_42' title='bbox 1614 879 1870 941; x_wconf 86' lang='lat' dir='ltr'><strong>consiliis</strong></span> <span class='ocrx_word' id='word_1_43' title='bbox 1909 880 1995 940; x_wconf 89' lang='lat' dir='ltr'><strong>ita</strong></span> <span class='ocrx_word' id='word_1_44' title='bbox 2029 880 2357 960; x_wconf 87' lang='lat' dir='ltr'><strong>composuit</strong></span> <span class='ocrx_word' id='word_1_45' title='bbox 2400 887 2613 950; x_wconf 78' lang='lat' dir='ltr'><strong>motus,</strong></span> <span class='ocrx_word' id='word_1_46' title='bbox 2656 888 2724 939; x_wconf 90' lang='lat' dir='ltr'><strong>nt</strong></span> 
     </span>
     <span class='ocr_line' id='line_1_10' title="bbox 827 976 2722 1056; baseline -0.002 -17"><span class='ocrx_word' id='word_1_47' title='bbox 827 998 944 1039; x_wconf 91' lang='lat' dir='ltr'><strong>non</strong></span> <span class='ocrx_word' id='word_1_48' title='bbox 971 978 1284 1039; x_wconf 88' lang='lat' dir='ltr'><strong>minoribus</strong></span> <span class='ocrx_word' id='word_1_49' title='bbox 1307 977 1516 1039; x_wconf 90' lang='lat' dir='ltr'><strong>studiis</strong></span> <span class='ocrx_word' id='word_1_50' title='bbox 1538 997 1741 1038; x_wconf 90' lang='lat' dir='ltr'><strong>eorum</strong></span> <span class='ocrx_word' id='word_1_51' title='bbox 1765 976 2045 1038; x_wconf 81' lang='lat' dir='ltr'><strong>adversus</strong></span> <span class='ocrx_word' id='word_1_52' title='bbox 2080 995 2228 1056; x_wconf 90' lang='lat' dir='ltr'><strong>quos</strong></span> <span class='ocrx_word' id='word_1_53' title='bbox 2252 985 2516 1046; x_wconf 81' lang='lat' dir='ltr'><strong>venerat,</strong></span> <span class='ocrx_word' id='word_1_54' title='bbox 2541 991 2722 1055; x_wconf 79' lang='lat' dir='ltr'><strong>quam</strong></span> 
     </span>
     <span class='ocr_line' id='line_1_11' title="bbox 827 1072 2551 1157; baseline -0.001 -23"><span class='ocrx_word' id='word_1_55' title='bbox 827 1092 867 1135; x_wconf 88' lang='lat' dir='ltr'><strong>a</strong></span> <span class='ocrx_word' id='word_1_56' title='bbox 889 1076 1102 1157; x_wconf 89' lang='lat' dir='ltr'><strong>quibus</strong></span> <span class='ocrx_word' id='word_1_57' title='bbox 1120 1073 1413 1135; x_wconf 87' lang='lat' dir='ltr'><strong>adductus</strong></span> <span class='ocrx_word' id='word_1_58' title='bbox 1436 1072 1648 1146; x_wconf 81' lang='lat' dir='ltr'><strong>fuerat,</strong></span> <span class='ocrx_word' id='word_1_59' title='bbox 1672 1082 1883 1155; x_wconf 76' lang='lat' dir='ltr'><strong>praetor</strong></span> <span class='ocrx_word' id='word_1_60' title='bbox 1909 1072 2215 1154; x_wconf 75' lang='lat' dir='ltr'><strong>Syracusis</strong></span> <span class='ocrx_word' id='word_1_61' title='bbox 2237 1080 2551 1133; x_wconf 74' lang='lat' dir='ltr'><strong>crearetur.</strong></span> 
     </span>
    </p>

    <p class='ocr_par' dir='ltr' id='par_1_6' title="bbox 824 1168 2745 2993">
     <span class='ocr_line' id='line_1_12' title="bbox 907 1168 2723 1252; baseline -0.001 -21"><span class='ocrx_word' id='word_1_62' title='bbox 907 1177 1008 1232; x_wconf 84' lang='lat'><strong>14.</strong></span> <span class='ocrx_word' id='word_1_63' title='bbox 1051 1169 1179 1231; x_wconf 90' lang='lat' dir='ltr'><strong>Hic</strong></span> <span class='ocrx_word' id='word_1_64' title='bbox 1198 1191 1337 1232; x_wconf 79' lang='lat' dir='ltr'><strong>vero</strong></span> <span class='ocrx_word' id='word_1_65' title='bbox 1363 1168 1704 1252; x_wconf 79' lang='lat' dir='ltr'><strong>reipublicae</strong></span> <span class='ocrx_word' id='word_1_66' title='bbox 1737 1179 1939 1231; x_wconf 81' lang='lat' dir='ltr'><strong>curam</strong></span> <span class='ocrx_word' id='word_1_67' title='bbox 1965 1178 2033 1229; x_wconf 89' lang='lat' dir='ltr'><strong>ut</strong></span> <span class='ocrx_word' id='word_1_68' title='bbox 2056 1189 2178 1230; x_wconf 79' lang='lat' dir='ltr'><strong>suae</strong></span> <span class='ocrx_word' id='word_1_69' title='bbox 2197 1178 2323 1230; x_wconf 89' lang='lat' dir='ltr'><strong>toto</strong></span> <span class='ocrx_word' id='word_1_70' title='bbox 2348 1169 2544 1229; x_wconf 90' lang='lat' dir='ltr'><strong>animo</strong></span> <span class='ocrx_word' id='word_1_71' title='bbox 2563 1188 2723 1229; x_wconf 88' lang='lat' dir='ltr'><strong>com-</strong></span> 
     </span>
     <span class='ocr_line' id='line_1_13' title="bbox 827 1264 2728 1350; baseline -0.002 -22"><span class='ocrx_word' id='word_1_72' title='bbox 827 1267 1057 1350; x_wconf 85' lang='lat' dir='ltr'><strong>plexus,</strong></span> <span class='ocrx_word' id='word_1_73' title='bbox 1091 1287 1228 1328; x_wconf 90' lang='lat' dir='ltr'><strong>cum</strong></span> <span class='ocrx_word' id='word_1_74' title='bbox 1253 1287 1292 1326; x_wconf 90' lang='lat' dir='ltr'><strong>a</strong></span> <span class='ocrx_word' id='word_1_75' title='bbox 1326 1266 1501 1346; x_wconf 78' lang='lat' dir='ltr'><strong>longo</strong></span> <span class='ocrx_word' id='word_1_76' title='bbox 1510 1269 1642 1348; x_wconf 88' lang='lat' dir='ltr'><strong>jam</strong></span> <span class='ocrx_word' id='word_1_77' title='bbox 1668 1276 1930 1349; x_wconf 88' lang='lat' dir='ltr'><strong>tempore</strong></span> <span class='ocrx_word' id='word_1_78' title='bbox 1970 1267 2178 1328; x_wconf 79' lang='lat' dir='ltr'><strong>vitium</strong></span> <span class='ocrx_word' id='word_1_79' title='bbox 2216 1265 2371 1326; x_wconf 88' lang='lat' dir='ltr'><strong>istud</strong></span> <span class='ocrx_word' id='word_1_80' title='bbox 2414 1266 2474 1325; x_wconf 91' lang='lat' dir='ltr'><strong>in</strong></span> <span class='ocrx_word' id='word_1_81' title='bbox 2516 1264 2728 1325; x_wconf 76' lang='lat' dir='ltr'><strong>Sicilia</strong></span> 
     </span>
     <span class='ocr_line' id='line_1_14' title="bbox 826 1361 2727 1444; baseline -0.001 -19"><span class='ocrx_word' id='word_1_82' title='bbox 826 1364 1132 1425; x_wconf 77' lang='lat' dir='ltr'><strong>inolevisse</strong></span> <span class='ocrx_word' id='word_1_83' title='bbox 1165 1372 1448 1435; x_wconf 89' lang='lat' dir='ltr'><strong>cerneret,</strong></span> <span class='ocrx_word' id='word_1_84' title='bbox 1475 1373 1545 1423; x_wconf 90' lang='lat' dir='ltr'><strong>ut</strong></span> <span class='ocrx_word' id='word_1_85' title='bbox 1584 1366 1812 1444; x_wconf 89' lang='lat' dir='ltr'><strong>quoties</strong></span> <span class='ocrx_word' id='word_1_86' title='bbox 1847 1365 2219 1443; x_wconf 68' lang='lat' dir='ltr'><strong>magistratus</strong></span> <span class='ocrx_word' id='word_1_87' title='bbox 2251 1362 2453 1444; x_wconf 85' lang='lat' dir='ltr'><strong>copias</strong></span> <span class='ocrx_word' id='word_1_88' title='bbox 2489 1361 2727 1423; x_wconf 86' lang='lat' dir='ltr'><strong>eduxis-</strong></span> 
     </span>
     <span class='ocr_line' id='line_1_15' title="bbox 824 1458 2729 1540; baseline -0.001 -19"><span class='ocrx_word' id='word_1_89' title='bbox 824 1470 975 1533; x_wconf 84' lang='lat' dir='ltr'><strong>sent,</strong></span> <span class='ocrx_word' id='word_1_90' title='bbox 1000 1459 1098 1522; x_wconf 81' lang='lat' dir='ltr'><strong>vel</strong></span> <span class='ocrx_word' id='word_1_91' title='bbox 1125 1460 1185 1520; x_wconf 92' lang='lat' dir='ltr'><strong>in</strong></span> <span class='ocrx_word' id='word_1_92' title='bbox 1222 1461 1484 1521; x_wconf 88' lang='lat' dir='ltr'><strong>exercitu</strong></span> <span class='ocrx_word' id='word_1_93' title='bbox 1510 1461 1843 1522; x_wconf 83' lang='lat' dir='ltr'><strong>turbaretur</strong></span> <span class='ocrx_word' id='word_1_94' title='bbox 1868 1460 2118 1540; x_wconf 88' lang='lat' dir='ltr'><strong>aliquid,</strong></span> <span class='ocrx_word' id='word_1_95' title='bbox 2144 1459 2240 1521; x_wconf 81' lang='lat' dir='ltr'><strong>vel</strong></span> <span class='ocrx_word' id='word_1_96' title='bbox 2266 1458 2426 1521; x_wconf 91' lang='lat' dir='ltr'><strong>domi</strong></span> <span class='ocrx_word' id='word_1_97' title='bbox 2446 1478 2729 1520; x_wconf 76' lang='lat' dir='ltr'><strong>novarum</strong></span> 
     </span>
     <span class='ocr_line' id='line_1_16' title="bbox 828 1555 2730 1639; baseline -0.001 -20"><span class='ocrx_word' id='word_1_98' title='bbox 828 1577 1017 1619; x_wconf 87' lang='lat' dir='ltr'><strong>rerum</strong></span> <span class='ocrx_word' id='word_1_99' title='bbox 1058 1564 1251 1618; x_wconf 88' lang='lat' dir='ltr'><strong>motus</strong></span> <span class='ocrx_word' id='word_1_100' title='bbox 1288 1557 1600 1628; x_wconf 89' lang='lat' dir='ltr'><strong>orirentur,</strong></span> <span class='ocrx_word' id='word_1_101' title='bbox 1624 1558 2065 1639; x_wconf 86' lang='lat' dir='ltr'><strong>circumspicere</strong></span> <span class='ocrx_word' id='word_1_102' title='bbox 2110 1556 2367 1637; x_wconf 85' lang='lat' dir='ltr'><strong>aliquem</strong></span> <span class='ocrx_word' id='word_1_103' title='bbox 2410 1555 2590 1636; x_wconf 86' lang='lat' dir='ltr'><strong>coepit</strong></span> <span class='ocrx_word' id='word_1_104' title='bbox 2632 1555 2730 1617; x_wconf 85' lang='lat' dir='ltr'><strong>eui</strong></span> 
     </span>
     <span class='ocr_line' id='line_1_17' title="bbox 829 1652 2731 1736; baseline -0.001 -21"><span class='ocrx_word' id='word_1_105' title='bbox 829 1675 921 1715; x_wconf 84' lang='lat' dir='ltr'><strong>res</strong></span> <span class='ocrx_word' id='word_1_106' title='bbox 959 1655 1212 1714; x_wconf 85' lang='lat' dir='ltr'><strong>urbanas</strong></span> <span class='ocrx_word' id='word_1_107' title='bbox 1249 1662 1378 1714; x_wconf 90' lang='lat' dir='ltr'><strong>tuto</strong></span> <span class='ocrx_word' id='word_1_108' title='bbox 1412 1653 1699 1727; x_wconf 88' lang='lat' dir='ltr'><strong>crederet,</strong></span> <span class='ocrx_word' id='word_1_109' title='bbox 1726 1656 1776 1715; x_wconf 88' lang='lat' dir='ltr'><strong>si</strong></span> <span class='ocrx_word' id='word_1_110' title='bbox 1800 1655 2041 1735; x_wconf 88' lang='lat' dir='ltr'><strong>quando</strong></span> <span class='ocrx_word' id='word_1_111' title='bbox 2066 1654 2188 1736; x_wconf 88' lang='lat' dir='ltr'><strong>ipse</strong></span> <span class='ocrx_word' id='word_1_112' title='bbox 2215 1653 2293 1715; x_wconf 83' lang='lat' dir='ltr'><strong>ad</strong></span> <span class='ocrx_word' id='word_1_113' title='bbox 2320 1652 2542 1713; x_wconf 88' lang='lat' dir='ltr'><strong>bellum</strong></span> <span class='ocrx_word' id='word_1_114' title='bbox 2566 1654 2731 1714; x_wconf 73' lang='lat' dir='ltr'><strong>exire</strong></span> 
     </span>
     <span class='ocr_line' id='line_1_18' title="bbox 827 1749 2735 1861; baseline -0.001 -49"><span class='ocrx_word' id='word_1_115' title='bbox 827 1760 1151 1831; x_wconf 78' lang='lat' dir='ltr'><strong>cogeretur.</strong></span> <span class='ocrx_word' id='word_1_116' title='bbox 1197 1749 1467 1811; x_wconf 83' lang='lat' dir='ltr'><strong>Uxorem</strong></span> <span class='ocrx_word' id='word_1_117' title='bbox 1491 1751 1669 1831; x_wconf 81' lang='lat' dir='ltr'><strong>igitur</strong></span> <span class='ocrx_word' id='word_1_118' title='bbox 1687 1752 1862 1812; x_wconf 87' lang='lat' dir='ltr'><strong>duxit</strong></span> <span class='ocrx_word' id='word_1_119' title='bbox 1880 1751 2065 1813; x_wconf 86' lang='lat' dir='ltr'><strong>filiam</strong></span> <span class='ocrx_word' id='word_1_120' title='bbox 2088 1750 2373 1861; x_wconf 83' lang='lat' dir='ltr'><strong>Leptinis,</strong></span> <span class='ocrx_word' id='word_1_121' title='bbox 2396 1751 2498 1831; x_wconf 92' lang='lat' dir='ltr'><strong>qui</strong></span> <span class='ocrx_word' id='word_1_122' title='bbox 2514 1769 2735 1829; x_wconf 77' lang='lat' dir='ltr'><strong>magna</strong></span> 
     </span>
     <span class='ocr_line' id='line_1_19' title="bbox 831 1846 2735 1930; baseline -0.001 -23"><span class='ocrx_word' id='word_1_123' title='bbox 831 1847 981 1908; x_wconf 89' lang='lat' dir='ltr'><strong>inter</strong></span> <span class='ocrx_word' id='word_1_124' title='bbox 1002 1848 1162 1908; x_wconf 86' lang='lat' dir='ltr'><strong>cives</strong></span> <span class='ocrx_word' id='word_1_125' title='bbox 1185 1848 1559 1920; x_wconf 88' lang='lat' dir='ltr'><strong>auctoritate,</strong></span> <span class='ocrx_word' id='word_1_126' title='bbox 1585 1849 1676 1908; x_wconf 80' lang='lat' dir='ltr'><strong>vir</strong></span> <span class='ocrx_word' id='word_1_127' title='bbox 1699 1848 1877 1909; x_wconf 88' lang='lat' dir='ltr'><strong>etiam</strong></span> <span class='ocrx_word' id='word_1_128' title='bbox 1902 1848 2239 1930; x_wconf 89' lang='lat' dir='ltr'><strong>cumprimis</strong></span> <span class='ocrx_word' id='word_1_129' title='bbox 2262 1848 2538 1907; x_wconf 86' lang='lat' dir='ltr'><strong>honestus</strong></span> <span class='ocrx_word' id='word_1_130' title='bbox 2563 1846 2735 1908; x_wconf 86' lang='lat' dir='ltr'><strong>fidei</strong></span> 
     </span>
     <span class='ocr_line' id='line_1_20' title="bbox 831 1942 2733 2027; baseline -0.001 -23"><span class='ocrx_word' id='word_1_131' title='bbox 831 1965 947 2026; x_wconf 90' lang='lat' dir='ltr'><strong>que</strong></span> <span class='ocrx_word' id='word_1_132' title='bbox 984 1953 1165 2006; x_wconf 85' lang='lat' dir='ltr'><strong>tenax</strong></span> <span class='ocrx_word' id='word_1_133' title='bbox 1191 1944 1538 2004; x_wconf 85' lang='lat' dir='ltr'><strong>habebatur.</strong></span> <span class='ocrx_word' id='word_1_134' title='bbox 1624 1943 1726 2005; x_wconf 87' lang='lat' dir='ltr'><strong>Ita</strong></span> <span class='ocrx_word' id='word_1_135' title='bbox 1750 1945 1994 2027; x_wconf 81' lang='lat' dir='ltr'><strong>provisis</strong></span> <span class='ocrx_word' id='word_1_136' title='bbox 2031 1945 2369 2007; x_wconf 83' lang='lat' dir='ltr'><strong>domesticis</strong></span> <span class='ocrx_word' id='word_1_137' title='bbox 2393 1945 2589 2015; x_wconf 80' lang='lat' dir='ltr'><strong>rebus,</strong></span> <span class='ocrx_word' id='word_1_138' title='bbox 2627 1942 2733 2003; x_wconf 89' lang='lat' dir='ltr'><strong>ad·</strong></span> 
     </span>
     <span class='ocr_line' id='line_1_21' title="bbox 833 2040 2737 2103; baseline -0.001 -2"><span class='ocrx_word' id='word_1_139' title='bbox 833 2061 1034 2102; x_wconf 80' lang='lat' dir='ltr'><strong>versus</strong></span> <span class='ocrx_word' id='word_1_140' title='bbox 1067 2041 1554 2101; x_wconf 85' lang='lat' dir='ltr'><strong>mercenariorum</strong></span> <span class='ocrx_word' id='word_1_141' title='bbox 1596 2040 1968 2103; x_wconf 81' lang='lat' dir='ltr'><strong>insolentiam</strong></span> <span class='ocrx_word' id='word_1_142' title='bbox 2008 2041 2326 2103; x_wconf 90' lang='lat' dir='ltr'><strong>remedium</strong></span> <span class='ocrx_word' id='word_1_143' title='bbox 2351 2040 2737 2102; x_wconf 76' lang='lat' dir='ltr'><strong>necessarium</strong></span> 
     </span>
     <span class='ocr_line' id='line_1_22' title="bbox 835 2137 2737 2219; baseline -0.001 -21"><span class='ocrx_word' id='word_1_144' title='bbox 835 2138 1020 2217; x_wconf 76' lang='lat' dir='ltr'><strong>magis</strong></span> <span class='ocrx_word' id='word_1_145' title='bbox 1038 2157 1218 2219; x_wconf 87' lang='lat' dir='ltr'><strong>quam</strong></span> <span class='ocrx_word' id='word_1_146' title='bbox 1243 2157 1664 2218; x_wconf 86' lang='lat' dir='ltr'><strong>usquequaque</strong></span> <span class='ocrx_word' id='word_1_147' title='bbox 1708 2137 2008 2200; x_wconf 87' lang='lat' dir='ltr'><strong>laudabile</strong></span> <span class='ocrx_word' id='word_1_148' title='bbox 2044 2148 2406 2201; x_wconf 86' lang='lat' dir='ltr'><strong>commentus</strong></span> <span class='ocrx_word' id='word_1_149' title='bbox 2428 2147 2554 2199; x_wconf 84' lang='lat' dir='ltr'><strong>est:</strong></span> <span class='ocrx_word' id='word_1_150' title='bbox 2599 2157 2737 2198; x_wconf 88' lang='lat' dir='ltr'><strong>nam</strong></span> 
     </span>
     <span class='ocr_line' id='line_1_23' title="bbox 834 2233 2737 2315; baseline 0 -21"><span class='ocrx_word' id='word_1_151' title='bbox 834 2233 1052 2295; x_wconf 89' lang='lat' dir='ltr'><strong>educto</strong></span> <span class='ocrx_word' id='word_1_152' title='bbox 1073 2242 1279 2294; x_wconf 88' lang='lat' dir='ltr'><strong>contra</strong></span> <span class='ocrx_word' id='word_1_153' title='bbox 1305 2233 1693 2295; x_wconf 89' lang='lat' dir='ltr'><strong>Mamertinos</strong></span> <span class='ocrx_word' id='word_1_154' title='bbox 1716 2235 2000 2307; x_wconf 90' lang='lat' dir='ltr'><strong>exercitu,</strong></span> <span class='ocrx_word' id='word_1_155' title='bbox 2038 2257 2173 2298; x_wconf 91' lang='lat' dir='ltr'><strong>cum</strong></span> <span class='ocrx_word' id='word_1_156' title='bbox 2199 2235 2288 2305; x_wconf 60' lang='lat' dir='ltr'><strong>mi</strong></span> <span class='ocrx_word' id='word_1_157' title='bbox 2300 2237 2485 2315; x_wconf 82' lang='lat' dir='ltr'><strong>juxta</strong></span> <span class='ocrx_word' id='word_1_158' title='bbox 2508 2234 2737 2295; x_wconf 85' lang='lat' dir='ltr'><strong>Centu-</strong></span> 
     </span>
     <span class='ocr_line' id='line_1_24' title="bbox 836 2330 2739 2413; baseline 0.001 -22"><span class='ocrx_word' id='word_1_159' title='bbox 836 2332 995 2412; x_wconf 82' lang='lat' dir='ltr'><strong>ripas</strong></span> <span class='ocrx_word' id='word_1_160' title='bbox 1010 2331 1415 2402; x_wconf 87' lang='lat' dir='ltr'><strong>occurrissent,</strong></span> <span class='ocrx_word' id='word_1_161' title='bbox 1438 2333 1627 2392; x_wconf 86' lang='lat' dir='ltr'><strong>aciem</strong></span> <span class='ocrx_word' id='word_1_162' title='bbox 1654 2332 1732 2393; x_wconf 86' lang='lat' dir='ltr'><strong>ad</strong></span> <span class='ocrx_word' id='word_1_163' title='bbox 1754 2331 2179 2413; x_wconf 81' lang='lat' dir='ltr'><strong>Cyamosorum</strong></span> <span class='ocrx_word' id='word_1_164' title='bbox 2204 2352 2434 2393; x_wconf 88' lang='lat' dir='ltr'><strong>amnem</strong></span> <span class='ocrx_word' id='word_1_165' title='bbox 2459 2332 2575 2393; x_wconf 86' lang='lat' dir='ltr'><strong>boc</strong></span> <span class='ocrx_word' id='word_1_166' title='bbox 2597 2330 2739 2393; x_wconf 81' lang='lat' dir='ltr'><strong>dolo</strong></span> 
     </span>
     <span class='ocr_line' id='line_1_25' title="bbox 839 2423 2738 2510; baseline 0.001 -22"><span class='ocrx_word' id='word_1_167' title='bbox 839 2428 1136 2499; x_wconf 83' lang='lat' dir='ltr'><strong>instruxit,</strong></span> <span class='ocrx_word' id='word_1_168' title='bbox 1164 2437 1233 2488; x_wconf 89' lang='lat' dir='ltr'><strong>ut</strong></span> <span class='ocrx_word' id='word_1_169' title='bbox 1265 2429 1416 2489; x_wconf 89' lang='lat' dir='ltr'><strong>inter</strong></span> <span class='ocrx_word' id='word_1_170' title='bbox 1450 2429 1609 2490; x_wconf 86' lang='lat' dir='ltr'><strong>cives</strong></span> <span class='ocrx_word' id='word_1_171' title='bbox 1634 2423 2134 2510; x_wconf 84' lang='lat' dir='ltr'><strong>mercenariosque</strong></span> <span class='ocrx_word' id='word_1_172' title='bbox 2161 2428 2472 2491; x_wconf 85' lang='lat' dir='ltr'><strong>intervallo</strong></span> <span class='ocrx_word' id='word_1_173' title='bbox 2509 2428 2738 2501; x_wconf 80' lang='lat' dir='ltr'><strong>relicto,</strong></span> 
     </span>
     <span class='ocr_line' id='line_1_26' title="bbox 839 2523 2743 2608; baseline 0.001 -24"><span class='ocrx_word' id='word_1_174' title='bbox 839 2523 947 2585; x_wconf 87' lang='lat' dir='ltr'><strong>bos</strong></span> <span class='ocrx_word' id='word_1_175' title='bbox 963 2526 1325 2586; x_wconf 90' lang='lat' dir='ltr'><strong>committere</strong></span> <span class='ocrx_word' id='word_1_176' title='bbox 1342 2525 1606 2607; x_wconf 80' lang='lat' dir='ltr'><strong>praelium</strong></span> <span class='ocrx_word' id='word_1_177' title='bbox 1622 2527 1884 2604; x_wconf 84' lang='lat' dir='ltr'><strong>juberet,</strong></span> <span class='ocrx_word' id='word_1_178' title='bbox 1904 2536 2188 2607; x_wconf 87' lang='lat' dir='ltr'><strong>tanquam</strong></span> <span class='ocrx_word' id='word_1_179' title='bbox 2206 2527 2331 2608; x_wconf 89' lang='lat' dir='ltr'><strong>ipse</strong></span> <span class='ocrx_word' id='word_1_180' title='bbox 2349 2545 2486 2587; x_wconf 89' lang='lat' dir='ltr'><strong>cum</strong></span> <span class='ocrx_word' id='word_1_181' title='bbox 2505 2526 2743 2588; x_wconf 76' lang='lat' dir='ltr'><strong>urbanis</strong></span> 
     </span>
     <span class='ocr_line' id='line_1_27' title="bbox 837 2621 2741 2704; baseline 0.002 -23"><span class='ocrx_word' id='word_1_182' title='bbox 837 2622 1020 2701; x_wconf 78' lang='lat' dir='ltr'><strong>signis</strong></span> <span class='ocrx_word' id='word_1_183' title='bbox 1042 2621 1163 2682; x_wconf 89' lang='lat' dir='ltr'><strong>alia</strong></span> <span class='ocrx_word' id='word_1_184' title='bbox 1189 2631 1353 2703; x_wconf 88' lang='lat' dir='ltr'><strong>parte</strong></span> <span class='ocrx_word' id='word_1_185' title='bbox 1376 2622 1716 2704; x_wconf 84' lang='lat' dir='ltr'><strong>impeditum</strong></span> <span class='ocrx_word' id='word_1_186' title='bbox 1737 2633 1800 2684; x_wconf 89' lang='lat' dir='ltr'><strong>et</strong></span> <span class='ocrx_word' id='word_1_187' title='bbox 1822 2623 2149 2686; x_wconf 86' lang='lat' dir='ltr'><strong>districtum</strong></span> <span class='ocrx_word' id='word_1_188' title='bbox 2167 2624 2395 2684; x_wconf 82' lang='lat' dir='ltr'><strong>bostem</strong></span> <span class='ocrx_word' id='word_1_189' title='bbox 2415 2624 2741 2685; x_wconf 77' lang='lat' dir='ltr'><strong>invasurus.</strong></span> 
     </span>
     <span class='ocr_line' id='line_1_28' title="bbox 841 2715 2745 2799; baseline 0.001 -21"><span class='ocrx_word' id='word_1_190' title='bbox 841 2715 947 2779; x_wconf 89' lang='lat' dir='ltr'><strong>Ita</strong></span> <span class='ocrx_word' id='word_1_191' title='bbox 970 2718 1316 2780; x_wconf 89' lang='lat' dir='ltr'><strong>conductitii</strong></span> <span class='ocrx_word' id='word_1_192' title='bbox 1337 2721 1560 2799; x_wconf 86' lang='lat' dir='ltr'><strong>majore</strong></span> <span class='ocrx_word' id='word_1_193' title='bbox 1590 2719 2076 2782; x_wconf 87' lang='lat' dir='ltr'><strong>Mamertinorum</strong></span> <span class='ocrx_word' id='word_1_194' title='bbox 2099 2739 2339 2783; x_wconf 88' lang='lat' dir='ltr'><strong>numero</strong></span> <span class='ocrx_word' id='word_1_195' title='bbox 2362 2719 2745 2781; x_wconf 80' lang='lat' dir='ltr'><strong>circumventi</strong></span> 
     </span>
     <span class='ocr_line' id='line_1_29' title="bbox 840 2813 2744 2896; baseline 0.002 -22"><span class='ocrx_word' id='word_1_196' title='bbox 840 2813 1101 2875; x_wconf 84' lang='lat' dir='ltr'><strong>cadunt:</strong></span> <span class='ocrx_word' id='word_1_197' title='bbox 1147 2815 1292 2896; x_wconf 88' lang='lat' dir='ltr'><strong>ipse,</strong></span> <span class='ocrx_word' id='word_1_198' title='bbox 1316 2815 1460 2875; x_wconf 90' lang='lat' dir='ltr'><strong>dum</strong></span> <span class='ocrx_word' id='word_1_199' title='bbox 1498 2817 1706 2876; x_wconf 88' lang='lat' dir='ltr'><strong>horum</strong></span> <span class='ocrx_word' id='word_1_200' title='bbox 1743 2815 1905 2878; x_wconf 81' lang='lat' dir='ltr'><strong>caede</strong></span> <span class='ocrx_word' id='word_1_201' title='bbox 1931 2816 2277 2878; x_wconf 86' lang='lat' dir='ltr'><strong>distinentur</strong></span> <span class='ocrx_word' id='word_1_202' title='bbox 2316 2818 2533 2889; x_wconf 84' lang='lat' dir='ltr'><strong>hostes,</strong></span> <span class='ocrx_word' id='word_1_203' title='bbox 2558 2817 2744 2878; x_wconf 77' lang='lat' dir='ltr'><strong>otiose</strong></span> 
     </span>
     <span class='ocr_line' id='line_1_30' title="bbox 842 2909 2322 2993; baseline 0.003 -23"><span class='ocrx_word' id='word_1_204' title='bbox 842 2920 1087 2990; x_wconf 87' lang='lat' dir='ltr'><strong>tutoque</strong></span> <span class='ocrx_word' id='word_1_205' title='bbox 1116 2909 1521 2990; x_wconf 81' lang='lat' dir='ltr'><strong>Syracusanas</strong></span> <span class='ocrx_word' id='word_1_206' title='bbox 1538 2913 1740 2993; x_wconf 88' lang='lat' dir='ltr'><strong>copias</strong></span> <span class='ocrx_word' id='word_1_207' title='bbox 1760 2914 1817 2972; x_wconf 90' lang='lat' dir='ltr'><strong>in</strong></span> <span class='ocrx_word' id='word_1_208' title='bbox 1845 2915 2049 2974; x_wconf 90' lang='lat' dir='ltr'><strong>urbem</strong></span> <span class='ocrx_word' id='word_1_209' title='bbox 2075 2914 2322 2975; x_wconf 85' lang='lat' dir='ltr'><strong>reducit.</strong></span> 
     </span>
    </p>

    <p class='ocr_par' dir='ltr' id='par_1_7' title="bbox 841 3004 2747 3575">
     <span class='ocr_line' id='line_1_31' title="bbox 923 3004 2744 3092; baseline 0.003 -26"><span class='ocrx_word' id='word_1_210' title='bbox 923 3013 1024 3067; x_wconf 80' lang='lat'><strong>15.</strong></span> <span class='ocrx_word' id='word_1_211' title='bbox 1065 3004 1174 3066; x_wconf 88' lang='lat' dir='ltr'><strong>Ad</strong></span> <span class='ocrx_word' id='word_1_212' title='bbox 1200 3007 1357 3068; x_wconf 84' lang='lat' dir='ltr'><strong>hunc</strong></span> <span class='ocrx_word' id='word_1_213' title='bbox 1394 3007 1634 3069; x_wconf 88' lang='lat' dir='ltr'><strong>modum</strong></span> <span class='ocrx_word' id='word_1_214' title='bbox 1674 3019 2013 3091; x_wconf 77' lang='lat' dir='ltr'><strong>repurgato,</strong></span> <span class='ocrx_word' id='word_1_215' title='bbox 2058 3009 2341 3092; x_wconf 88' lang='lat' dir='ltr'><strong>quicquid</strong></span> <span class='ocrx_word' id='word_1_216' title='bbox 2383 3010 2443 3069; x_wconf 92' lang='lat' dir='ltr'><strong>in</strong></span> <span class='ocrx_word' id='word_1_217' title='bbox 2478 3012 2744 3072; x_wconf 83' lang='lat' dir='ltr'><strong>exercitu</strong></span> 
     </span>
     <span class='ocr_line' id='line_1_32' title="bbox 843 3102 2744 3187; baseline 0.003 -25"><span class='ocrx_word' id='word_1_218' title='bbox 843 3122 1084 3183; x_wconf 77' lang='lat' dir='ltr'><strong>oegrum,</strong></span> <span class='ocrx_word' id='word_1_219' title='bbox 1110 3111 1173 3163; x_wconf 91' lang='lat' dir='ltr'><strong>et</strong></span> <span class='ocrx_word' id='word_1_220' title='bbox 1197 3102 1275 3163; x_wconf 86' lang='lat' dir='ltr'><strong>ad</strong></span> <span class='ocrx_word' id='word_1_221' title='bbox 1299 3103 1616 3166; x_wconf 86' lang='lat' dir='ltr'><strong>seditiones</strong></span> <span class='ocrx_word' id='word_1_222' title='bbox 1640 3126 1888 3187; x_wconf 88' lang='lat' dir='ltr'><strong>pronum</strong></span> <span class='ocrx_word' id='word_1_223' title='bbox 1912 3106 2127 3179; x_wconf 79' lang='lat' dir='ltr'><strong>fuerat,</strong></span> <span class='ocrx_word' id='word_1_224' title='bbox 2168 3108 2457 3168; x_wconf 82' lang='lat' dir='ltr'><strong>urbanum</strong></span> <span class='ocrx_word' id='word_1_225' title='bbox 2496 3106 2744 3168; x_wconf 87' lang='lat' dir='ltr'><strong>militem</strong></span> 
     </span>
     <span class='ocr_line' id='line_1_33' title="bbox 841 3199 2744 3286; baseline 0.002 -25"><span class='ocrx_word' id='word_1_226' title='bbox 841 3199 1099 3261; x_wconf 82' lang='lat' dir='ltr'><strong>studiose</strong></span> <span class='ocrx_word' id='word_1_227' title='bbox 1122 3209 1402 3262; x_wconf 88' lang='lat' dir='ltr'><strong>exercet:</strong></span> <span class='ocrx_word' id='word_1_228' title='bbox 1445 3220 1630 3262; x_wconf 81' lang='lat' dir='ltr'><strong>novas</strong></span> <span class='ocrx_word' id='word_1_229' title='bbox 1658 3204 2149 3265; x_wconf 84' lang='lat' dir='ltr'><strong>mercenariorum</strong></span> <span class='ocrx_word' id='word_1_230' title='bbox 2185 3205 2388 3286; x_wconf 87' lang='lat' dir='ltr'><strong>copias</strong></span> <span class='ocrx_word' id='word_1_231' title='bbox 2424 3202 2744 3266; x_wconf 85' lang='lat' dir='ltr'><strong>conducit:</strong></span> 
     </span>
     <span class='ocr_line' id='line_1_34' title="bbox 844 3296 2746 3382; baseline 0.002 -24"><span class='ocrx_word' id='word_1_232' title='bbox 844 3307 1022 3378; x_wconf 88' lang='lat' dir='ltr'><strong>atque</strong></span> <span class='ocrx_word' id='word_1_233' title='bbox 1050 3298 1134 3358; x_wconf 90' lang='lat' dir='ltr'><strong>ita</strong></span> <span class='ocrx_word' id='word_1_234' title='bbox 1151 3296 1565 3359; x_wconf 80' lang='lat' dir='ltr'><strong>benevolentia</strong></span> <span class='ocrx_word' id='word_1_235' title='bbox 1587 3300 1904 3360; x_wconf 88' lang='lat' dir='ltr'><strong>multorum</strong></span> <span class='ocrx_word' id='word_1_236' title='bbox 1929 3310 2292 3382; x_wconf 82' lang='lat' dir='ltr'><strong>comparata,</strong></span> <span class='ocrx_word' id='word_1_237' title='bbox 2312 3309 2538 3362; x_wconf 82' lang='lat' dir='ltr'><strong>remoto</strong></span> <span class='ocrx_word' id='word_1_238' title='bbox 2562 3300 2746 3362; x_wconf 84' lang='lat' dir='ltr'><strong>auda-</strong></span> 
     </span>
     <span class='ocr_line' id='line_1_35' title="bbox 843 3394 2746 3475; baseline 0.003 -21"><span class='ocrx_word' id='word_1_239' title='bbox 843 3394 1075 3455; x_wconf 85' lang='lat' dir='ltr'><strong>cissimo</strong></span> <span class='ocrx_word' id='word_1_240' title='bbox 1121 3414 1379 3474; x_wconf 90' lang='lat' dir='ltr'><strong>quoque,</strong></span> <span class='ocrx_word' id='word_1_241' title='bbox 1419 3395 1659 3475; x_wconf 89' lang='lat' dir='ltr'><strong>reliquis</strong></span> <span class='ocrx_word' id='word_1_242' title='bbox 1699 3396 1978 3460; x_wconf 84' lang='lat' dir='ltr'><strong>adversus</strong></span> <span class='ocrx_word' id='word_1_243' title='bbox 2020 3407 2309 3459; x_wconf 87' lang='lat' dir='ltr'><strong>armatum</strong></span> <span class='ocrx_word' id='word_1_244' title='bbox 2352 3407 2415 3459; x_wconf 89' lang='lat' dir='ltr'><strong>et</strong></span> <span class='ocrx_word' id='word_1_245' title='bbox 2460 3398 2746 3459; x_wconf 83' lang='lat' dir='ltr'><strong>intentum</strong></span> 
     </span>
     <span class='ocr_line' id='line_1_36' title="bbox 846 3490 2747 3575; baseline 0.004 -26"><span class='ocrx_word' id='word_1_246' title='bbox 846 3490 1056 3550; x_wconf 83' lang='lat' dir='ltr'><strong>mutire</strong></span> <span class='ocrx_word' id='word_1_247' title='bbox 1096 3509 1210 3550; x_wconf 91' lang='lat' dir='ltr'><strong>non</strong></span> <span class='ocrx_word' id='word_1_248' title='bbox 1238 3491 1412 3562; x_wconf 84' lang='lat' dir='ltr'><strong>ausis,</strong></span> <span class='ocrx_word' id='word_1_249' title='bbox 1459 3493 1849 3575; x_wconf 87' lang='lat' dir='ltr'><strong>principatum</strong></span> <span class='ocrx_word' id='word_1_250' title='bbox 1895 3495 2178 3556; x_wconf 86' lang='lat' dir='ltr'><strong>arbitratu</strong></span> <span class='ocrx_word' id='word_1_251' title='bbox 2220 3514 2327 3557; x_wconf 86' lang='lat' dir='ltr'><strong>suo</strong></span> <span class='ocrx_word' id='word_1_252' title='bbox 2360 3493 2747 3556; x_wconf 83' lang='lat' dir='ltr'><strong>administrat.</strong></span> 
     </span>
    </p>
   </div>
   <div class='ocr_carea' id='block_1_6' title="bbox 552 3585 2747 3662">
    <p class='ocr_par' dir='ltr' id='par_1_8' title="bbox 552 3585 2747 3662">
     <span class='ocr_line' id='line_1_37' title="bbox 552 3585 2747 3662; baseline 0.001 -13"><span class='ocrx_word' id='word_1_253' title='bbox 552 3597 699 3649; x_wconf 78' lang='lat' dir='ltr'><strong>Dio-1.</strong></span> <span class='ocrx_word' id='word_1_254' title='bbox 721 3597 829 3649; x_wconf 70' lang='lat' dir='ltr'><strong>Eoi.</strong></span> <span class='ocrx_word' id='word_1_255' title='bbox 853 3585 1092 3647; x_wconf 90' lang='lat' dir='ltr'><strong>Interea</strong></span> <span class='ocrx_word' id='word_1_256' title='bbox 1119 3586 1483 3659; x_wconf 86' lang='lat' dir='ltr'><strong>Mamertini,</strong></span> <span class='ocrx_word' id='word_1_257' title='bbox 1509 3591 1727 3651; x_wconf 88' lang='lat' dir='ltr'><strong>recenti</strong></span> <span class='ocrx_word' id='word_1_258' title='bbox 1757 3591 2007 3652; x_wconf 79' lang='lat' dir='ltr'><strong>victoria</strong></span> <span class='ocrx_word' id='word_1_259' title='bbox 2041 3590 2372 3662; x_wconf 86' lang='lat' dir='ltr'><strong>ferociores,</strong></span> <span class='ocrx_word' id='word_1_260' title='bbox 2406 3593 2747 3653; x_wconf 82' lang='lat' dir='ltr'><strong>contemtim</strong></span> 
     </span>
    </p>
   </div>
   <div class='ocr_carea' id='block_1_7' title="bbox 532 3665 732 3715">
    <p class='ocr_par' dir='ltr' id='par_1_9' title="bbox 532 3665 732 3715">
     <span class='ocr_line' id='line_1_38' title="bbox 532 3665 732 3715; baseline 0.01 -2"><span class='ocrx_word' id='word_1_261' title='bbox 532 3665 570 3715; x_wconf 92' lang='lat' dir='ltr'><strong>l.</strong></span> <span class='ocrx_word' id='word_1_262' title='bbox 593 3679 732 3715; x_wconf 74' lang='lat' dir='ltr'><strong>xxix.</strong></span> 
     </span>
    </p>
   </div>
   <div class='ocr_carea' id='block_1_8' title="bbox 853 3682 2752 4258">
    <p class='ocr_par' dir='ltr' id='par_1_10' title="bbox 853 3682 2752 4258">
     <span class='ocr_line' id='line_1_39' title="bbox 853 3682 2747 3770; baseline 0.001 -24"><span class='ocrx_word' id='word_1_263' title='bbox 853 3693 1032 3764; x_wconf 86' lang='lat' dir='ltr'><strong>atque</strong></span> <span class='ocrx_word' id='word_1_264' title='bbox 1056 3690 1272 3744; x_wconf 86' lang='lat' dir='ltr'><strong>temere</strong></span> <span class='ocrx_word' id='word_1_265' title='bbox 1299 3682 1798 3765; x_wconf 80' lang='lat' dir='ltr'><strong>Syracusanorum</strong></span> <span class='ocrx_word' id='word_1_266' title='bbox 1817 3686 1964 3748; x_wconf 86' lang='lat' dir='ltr'><strong>fines</strong></span> <span class='ocrx_word' id='word_1_267' title='bbox 1986 3688 2440 3770; x_wconf 85' lang='lat' dir='ltr'><strong>populabantur.</strong></span> <span class='ocrx_word' id='word_1_268' title='bbox 2504 3688 2747 3750; x_wconf 80' lang='lat' dir='ltr'><strong>Adver-</strong></span> 
     </span>
     <span class='ocr_line' id='line_1_40' title="bbox 854 3777 2751 3859; baseline 0.002 -16"><span class='ocrx_word' id='word_1_269' title='bbox 854 3801 953 3843; x_wconf 88' lang='lat' dir='ltr'><strong>sus</strong></span> <span class='ocrx_word' id='word_1_270' title='bbox 991 3781 1098 3841; x_wconf 86' lang='lat' dir='ltr'><strong>bos</strong></span> <span class='ocrx_word' id='word_1_271' title='bbox 1144 3777 1339 3840; x_wconf 90' lang='lat' dir='ltr'><strong>Hiero</strong></span> <span class='ocrx_word' id='word_1_272' title='bbox 1363 3782 1498 3859; x_wconf 86' lang='lat' dir='ltr'><strong>jam</strong></span> <span class='ocrx_word' id='word_1_273' title='bbox 1530 3781 1761 3843; x_wconf 78' lang='lat' dir='ltr'><strong>civibus</strong></span> <span class='ocrx_word' id='word_1_274' title='bbox 1801 3792 1865 3844; x_wconf 91' lang='lat' dir='ltr'><strong>et</strong></span> <span class='ocrx_word' id='word_1_275' title='bbox 1901 3784 2075 3845; x_wconf 85' lang='lat' dir='ltr'><strong>militi</strong></span> <span class='ocrx_word' id='word_1_276' title='bbox 2112 3784 2301 3846; x_wconf 84' lang='lat' dir='ltr'><strong>fidens</strong></span> <span class='ocrx_word' id='word_1_277' title='bbox 2344 3786 2751 3847; x_wconf 79' lang='lat' dir='ltr'><strong>incunctanter</strong></span> 
     </span>
     <span class='ocr_line' id='line_1_41' title="bbox 856 3874 2752 3963; baseline 0.004 -28"><span class='ocrx_word' id='word_1_278' title='bbox 856 3896 1138 3956; x_wconf 78' lang='lat' dir='ltr'><strong>egressus,</strong></span> <span class='ocrx_word' id='word_1_279' title='bbox 1173 3874 1251 3935; x_wconf 86' lang='lat' dir='ltr'><strong>ad</strong></span> <span class='ocrx_word' id='word_1_280' title='bbox 1293 3876 1479 3956; x_wconf 87' lang='lat' dir='ltr'><strong>ipsam</strong></span> <span class='ocrx_word' id='word_1_281' title='bbox 1504 3878 1755 3940; x_wconf 86' lang='lat' dir='ltr'><strong>hostium</strong></span> <span class='ocrx_word' id='word_1_282' title='bbox 1774 3882 2001 3954; x_wconf 85' lang='lat' dir='ltr'><strong>urbem,</strong></span> <span class='ocrx_word' id='word_1_283' title='bbox 2027 3880 2280 3943; x_wconf 87' lang='lat' dir='ltr'><strong>dimissis</strong></span> <span class='ocrx_word' id='word_1_284' title='bbox 2303 3882 2520 3963; x_wconf 81' lang='lat' dir='ltr'><strong>passim</strong></span> <span class='ocrx_word' id='word_1_285' title='bbox 2561 3881 2752 3962; x_wconf 69' lang='lat' dir='ltr'><strong>glob&#39;u</strong></span> 
     </span>
     <span class='ocr_line' id='line_1_42' title="bbox 857 3972 2751 4059; baseline 0.003 -25"><span class='ocrx_word' id='word_1_286' title='bbox 857 3972 977 4034; x_wconf 80' lang='lat' dir='ltr'><strong>fere</strong></span> <span class='ocrx_word' id='word_1_287' title='bbox 1020 3991 1292 4046; x_wconf 79' lang='lat' dir='ltr'><strong>vacuam,</strong></span> <span class='ocrx_word' id='word_1_288' title='bbox 1328 3981 1525 4034; x_wconf 81' lang='lat' dir='ltr'><strong>castra</strong></span> <span class='ocrx_word' id='word_1_289' title='bbox 1566 3977 1793 4056; x_wconf 84' lang='lat' dir='ltr'><strong>posuit:</strong></span> <span class='ocrx_word' id='word_1_290' title='bbox 1851 3981 2022 4059; x_wconf 88' lang='lat' dir='ltr'><strong>cujus</strong></span> <span class='ocrx_word' id='word_1_291' title='bbox 2072 3978 2373 4042; x_wconf 84' lang='lat' dir='ltr'><strong>intellecto</strong></span> <span class='ocrx_word' id='word_1_292' title='bbox 2418 3977 2751 4040; x_wconf 75' lang='lat' dir='ltr'><strong>discrimine</strong></span> 
     </span>
     <span class='ocr_line' id='line_1_43' title="bbox 863 4067 2751 4158; baseline 0.006 -30"><span class='ocrx_word' id='word_1_293' title='bbox 863 4068 1200 4130; x_wconf 87' lang='lat' dir='ltr'><strong>Mamertini</strong></span> <span class='ocrx_word' id='word_1_294' title='bbox 1226 4067 1305 4128; x_wconf 89' lang='lat' dir='ltr'><strong>ad</strong></span> <span class='ocrx_word' id='word_1_295' title='bbox 1329 4068 1630 4132; x_wconf 78' lang='lat' dir='ltr'><strong>ferendam</strong></span> <span class='ocrx_word' id='word_1_296' title='bbox 1649 4073 1769 4134; x_wconf 89' lang='lat' dir='ltr'><strong>suis</strong></span> <span class='ocrx_word' id='word_1_297' title='bbox 1811 4094 1985 4156; x_wconf 84' lang='lat' dir='ltr'><strong>opem</strong></span> <span class='ocrx_word' id='word_1_298' title='bbox 2025 4075 2305 4158; x_wconf 86' lang='lat' dir='ltr'><strong>expedito</strong></span> <span class='ocrx_word' id='word_1_299' title='bbox 2345 4096 2481 4138; x_wconf 89' lang='lat' dir='ltr'><strong>cum</strong></span> <span class='ocrx_word' id='word_1_300' title='bbox 2516 4077 2751 4155; x_wconf 75' lang='lat' dir='ltr'><strong>agmine</strong></span> 
     </span>
     <span class='ocr_line' id='line_1_44' title="bbox 857 4165 2752 4258; baseline 0.004 -30"><span class='ocrx_word' id='word_1_301' title='bbox 857 4165 1100 4250; x_wconf 76' lang='lat' dir='ltr'><strong>impigre</strong></span> <span class='ocrx_word' id='word_1_302' title='bbox 1138 4176 1528 4232; x_wconf 84' lang='lat' dir='ltr'><strong>accurrerunt.</strong></span> <span class='ocrx_word' id='word_1_303' title='bbox 1634 4168 1829 4234; x_wconf 87' lang='lat' dir='ltr'><strong>Hiero</strong></span> <span class='ocrx_word' id='word_1_304' title='bbox 1874 4173 2047 4236; x_wconf 88' lang='lat' dir='ltr'><strong>motis</strong></span> <span class='ocrx_word' id='word_1_305' title='bbox 2090 4193 2167 4237; x_wconf 84' lang='lat' dir='ltr'><strong>ex</strong></span> <span class='ocrx_word' id='word_1_306' title='bbox 2208 4194 2349 4258; x_wconf 74' lang='lat' dir='ltr'><strong>agro</strong></span> <span class='ocrx_word' id='word_1_307' title='bbox 2390 4172 2752 4237; x_wconf 83' lang='lat' dir='ltr'><strong>Mamertino</strong></span> 
     </span>
    </p>
   </div>
  </div>
 </body>
</html>
