3025 4892
895 386 1106 438 mam
1157 386 1290 436 XV.
1337 385 1683 440 summan
1698 387 1982 440 BNTUM·

303 535 407 595 ubi
431 540 670 600 senatuis
690 541 1047 596 convenerat
1075 530 1289 613 hospes
1310 530 1536 594 domini
1560 539 1894 612 aegrotaret,
1922 551 2025 614 per
2050 530 2206 594 obli·

301 632 541 696 viouem
566 650 639 691 eo
664 629 723 692 in
760 628 894 692 loco
917 629 1154 694 relictus
1177 637 1499 711 exceperat
1518 628 1705 701 dicta,
1734 628 2207 712 prodideruque.

303 727 687 796 Qum-tiones
707 727 883 807 igitur
907 726 1222 806 delegatis
1262 726 1467 788 Roma
1505 728 1750 790 reversis
1792 727 2011 789 habitre
2036 735 2207 798 sunt·

297 831 726 905 compertoque
765 825 1022 904 negotio,
1062 831 1126 886 et
1166 823 1298 906 ipsi,
1351 832 1415 886 et
1454 825 1750 907 principes
1806 824 1911 886 alii
1953 825 2245 887 civitatis-

298 920 620 986 audenter
645 920 957 984 interfecti.

383 1024 486 1082 16.
537 1017 633 1082 Eo
666 1019 886 1097 justior
927 1017 1212 1080 inferendi
1246 1016 1390 1080 belli
1430 1037 1617 1080 causa
1656 1019 1832 1079 visa:
1894 1019 2213 1101 mismsque

299 1135 442 1177 cum
466 1115 731 1178 exercitu
757 1116 844 1183 Q.
873 1115 1096 1178 Fabius
1136 1115 1341 1178 consul
1377 1135 1683 1177 occurrere
1718 1136 1897 1178 ausos
1917 1116 1979 1176 in
2004 1115 2205 1196 fugam

299 1213 502 1285 vertit,
537 1229 931 1294 magnumque
962 1213 1310 1294 fugientium
1336 1232 1638 1274 numerum
1664 1213 1918 1274 cecidit:
1960 1221 2209 1284 ceteros,

299 1309 406 1389 qui
433 1309 591 1372 intra
616 1310 984 1374 munimenta
1000 1332 1066 1373 se
1090 1319 1452 1393 receperant,
1497 1311 1646 1371 actis
1684 1311 1962 1392 operibus
1983 1330 2212 1393 oppug

301 1425 448 1466 nare
487 1407 756 1469 instituit.
842 1407 964 1470 Sed
1007 1408 1127 1470 illis
1167 1428 1286 1469 non
1329 1407 1582 1488 segniter
1619 1408 2038 1481 resistentibus,
2076 1427 2213 1468 cum

302 1502 470 1564 levia
498 1512 564 1564 ut
589 1503 741 1565 solet
758 1505 1081 1568 certamina
1103 1507 1309 1568 crebro
1336 1503 1567 1578 fierent,
1593 1497 1819 1578 conml,
1846 1504 2023 1566 dum
2008 1524 2211 1566 incau-

301 1601 422 1661 tius
449 1598 601 1662 inter
624 1600 747 1668 tela
770 1612 1054 1674 versatur,
1081 1603 1294 1664 vulnus
1329 1604 1583 1685 accepit,
1624 1612 1689 1664 et
1726 1604 1786 1662 in
1831 1604 1960 1684 ejus
2000 1600 2211 1662 deinde

301 1697 616 1758 curatione
638 1697 909 1761 decessit.
978 1699 1246 1772 Obsessi,
1280 1719 1420 1761 casu
1454 1719 1530 1760 eo
1562 1700 1821 1779 cognito,
1849 1699 2211 1780 eruptionem

299 1793 558 1854 summis
583 1794 805 1856 viribus
837 1796 1070 1869 fecere,
1093 1806 1394 1879 sperantes
1418 1797 1742 1859 exercitum
1786 1796 2021 1856 interitu
2045 1793 2213 1855 ducis

301 1891 636 1963 tun-batum,
686 1892 738 1952 si
782 1894 981 1954 subito
1024 1893 1415 1966 invaderetur,
1456 1914 1496 1954 a
1538 1894 1823 1956 moenibus
1861 1892 2211 1954 summoveri

302 2007 520 2068 posse:
564 1997 965 2051 verumtamen
990 2000 1233 2052 eventus
1271 1990 1459 2073 praelii
1501 1999 1709 2053 contra
1730 1990 1932 2052 dedit:
1974 1990 2213 2070 excepti

304 2083 587 2145 ferociter
622 2104 664 2146 a
699 2086 982 2148 militibus
1018 2086 1332 2159 Romanis,
1375 2097 1438 2148 et
1479 2089 1539 2149 in
1584 2090 1787 2149 urbem
1829 2089 2036 2149 iterum
2077 2106 2213 2147 cum

301 2180 484 2241 clade
521 2181 810 2263 compulsi
837 2193 995 2246 sunt.
1079 2183 1250 2245 Huic
1275 2204 1385 2264 ego
1418 2203 1631 2265 pugnae
1676 2184 1930 2245 Decium
1973 2183 2211 2243 Murem

302 2277 613 2388 prefuisse
636 2278 1019 2342 crediderim.
1003 2300 1019 2316 ·
1047 2281 1145 2342 hic
1169 2281 1324 2340 enim
1351 2280 1580 2360 legatus
1605 2300 1729 2340 esse
1756 2279 1969 2352 Fabio,
1995 2289 2058 2340 et
2080 2288 2215 2361 post

303 2394 516 2435 necem
544 2375 696 2454 ejus,
730 2373 921 2438 donec
946 2396 1240 2439 successor
1266 2378 1509 2449 veniret,
1557 2376 1780 2437 bellum
1809 2375 2211 2436 administrare

2360 372 2534 441 uss

302 2471 541 2552 potuit:
585 2471 765 2551 atque
811 2472 948 2534 inde
992 2493 1118 2535 esse
1163 2494 1313 2545 reor,
1358 2472 1516 2553 qnod
1562 2471 1721 2555 apud
1764 2470 2210 2552 negligentiores
2268 2487 2313 2538 Α
2318 2494 2418 2538 n.ct
2442 2486 2504 2537 de

303 2567 644 2641 historicos,
690 2568 1085 2648 Volsiniensis
1119 2569 1262 2631 belli
1285 2571 1460 2652 coepti
1490 2568 1759 2649 finitique
1783 2568 1991 2629 titulus
2017 2565 2208 2628 Decio
2229 2568 2318 2606 '¹¹'-
2337 2552 2490 2604 ¹¹¹⁰*-

307 2662 478 2724 Mmi
504 2665 792 2746 ascriptus
812 2676 921 2728 est.

394 2767 499 2825 17.
527 2761 821 2824 Censores
844 2783 918 2824 eo
941 2783 1096 2824 anno
1118 2765 1301 2825 creati
1319 2763 1434 2824 Cn.
1458 2761 1768 2824 Cornelius
1793 2761 1863 2822 L.
1886 2760 1957 2822 F.
1980 2759 2095 2821 Cn.
2116 2758 2207 2822 N.
2233 2781 2541 2850 ruticspit.

311 2856 552 2930 Blasio,
594 2867 659 2920 et
681 2858 757 2920 C.
787 2859 1076 2931 Marcius,
1118 2861 1221 2940 qui
1263 2880 1396 2920 cum
1428 2868 1604 2919 antea
1637 2879 1868 2938 quoque
1908 2877 2211 2918 censuram

309 2955 610 3032 geminet,
640 2956 699 3015 in
714 2956 827 3017 boc
845 2956 1067 3017 honore
1084 2955 1440 3018 Censorinus
1455 2954 1784 3038 appellatus
1798 2964 1906 3016 est.
1976 2954 2212 3016 Memo-
2269 2964 2316 3014 V
2316 2964 2382 3016 sl.
2399 2964 2540 3017 Max.

307 3050 522 3111 rabilis
544 3052 719 3132 hujus
745 3052 964 3114 Marcii
988 3052 1311 3116 moderatio
1335 3053 1470 3125 fuit,
1502 3054 1606 3134 qui
1632 3061 1875 3163 accepta
1899 3061 2214 3134 potestate,
2237 3046 2314 3080 ’Υ
2337 3034 2383 3080 ¹·
2402 3033 2453 3080 ⁸·

309 3166 500 3255 quam
539 3168 654 3208 non
697 3149 1050 3223 ambiverat,
1096 3149 1378 3232 populum
1433 3150 1511 3211 ad
1563 3150 1899 3210 concionem
1941 3157 2216 3210 vocatum

309 3244 663 3325 gravioeima
700 3247 965 3307 oratione
1008 3247 1380 3328 increpuit,‘
1408 3245 1567 3327 quod
1610 3246 2011 3324 magistratum
2053 3244 2217 3306 illum

311 3341 412 3401 bis
461 3339 656 3401 eidem
708 3342 1123 3416 mandavssset,
1174 3346 1347 3426 cujus
1396 3351 1684 3425 tempora,
1739 3362 1851 3402 non
1907 3341 2086 3414 aliam
2138 3341 2218 3401 ob

311 3455 585 3509 causam,
631 3459 808 3517 quam
840 3441 983 3519 quia
1006 3440 1186 3501 nimia
1210 3449 1470 3522 potestas
1502 3442 1630 3519 ejus
1654 3448 1826 3510 esset,
1861 3436 2218 3499 coarctanda

309 3533 434 3594 sibi
481 3536 735 3614 majores
769 3535 1175 3614 judicassent!
1274 3536 1426 3596 Inde
1479 3536 1742 3617 profecta
1793 3536 1891 3595 lex
1944 3543 2055 3606 est,
2096 3554 2216 3616 qua
2272 3544 2367 3595 Plu
2370 3553 2403 3596 ι.
2446 3547 2521 3661 ίιιι

2241 3610 2464 3660 Corio.cl

309 3637 565 3691 cautmn
618 3637 637 3665 ⁴
684 3650 756 3691 ne
805 3633 937 3712 quis
984 3654 1188 3695 censor
1237 3635 1446 3693 iterum
1495 3631 1701 3693 fieret!
1784 3631 2013 3692 Eodem
2063 3651 2217 3691 anno
2273 3675 2379 3726 Liv.
2410 3627 2506 3741 ἔρί
2467 3614 2545 3726 ’ἑ

312 3735 682 3808 quaestorum
733 3747 1005 3790 numerus
1056 3731 1373 3810 ampliatus
1422 3738 1529 3789 est.
1615 3728 1888 3795 Quatuor
1938 3729 2274 3788 hactenusx

313 3823 711 3884 suffecerant·
696 3870 711 3883 .
753 3826 962 3886 urbani
1001 3826 1156 3887 duo·
1141 3871 1157 3896 ,
1201 3826 1444 3886 totidem
1490 3824 1569 3885 ad
1611 3823 1830 3885 bellum
1870 3824 2220 3885 exeuntibus
2241 3868 2287 3917 Α

314 3917 662 3980 consulibus
713 3920 1216 4002 atijungebantur:
1274 3921 1380 3982 sed
1420 3922 1704 4004 proximis
1754 3921 1979 4000 aliquot
2032 3920 2218 3991 annis,

317 4023 504 4075 aucta
548 4018 830 4096 majorem
871 4019 930 4079 in
966 4017 1202 4079 modum
1243 4018 1566 4099 republica,
1615 4017 2113 4096 vectigalibusque
2151 4037 2223 4078 ac

319 4113 600 4194 portoriis
640 4115 839 4177 multis
879 4115 1312 4187 accedentibus,
1367 4114 1657 4196 duplicari
1710 4133 2009 4174 numerum
2052 4116 2224 4174 istum

319 4229 564 4270 necesse
591 4209 727 4273 fuit.
1315 4229 1320 4244 ’

2271 3805 2443 3853 Tac-x

2291 3884 2376 3917 nn.
2400 3873 2487 3919 22.
