3025 4892
1058 373 1208 424 mn.
1254 372 1431 425 xxi.
1477 372 1645 425 cn.
1684 357 1795 428 28.
2349 363 2523 434 1701.

314 540 460 609 que
485 521 742 592 dextris
770 520 905 588 tela
926 538 946 586 ε
971 538 1374 608 quanquam
1416 525 1491 586 et
1532 539 1623 586 ex
1668 519 1959 588 adverso
2011 522 2303 590 terrebat
2337 530 2525 593 tama

319 627 428 693 vis
468 626 744 694 navium
790 644 945 692 cum
995 625 1252 708 ingenti
1292 643 1464 690 sono
1517 623 1815 691 fluminis
1858 632 1934 692 et
1982 626 2281 694 clamore
2327 629 2521 695 vario

312 737 677 794 nautarum
704 733 769 795 et
794 728 1104 808 militum,
1149 729 1270 814 qui
1306 729 1692 794 nitebantur
1731 747 2149 815 perrumpere
2197 730 2522 816 impetum

313 832 632 910 fluminis,
659 838 728 898 et
755 833 873 916 qui
902 850 991 898 ex
1021 830 1228 897 altera
1252 831 1404 916 ripa
1430 831 1850 915 trajicientes
1877 853 2035 900 suos
2056 834 2519 902 hortabantur.

311 933 481 1000 Jam
511 935 680 999 satis
708 941 1029 1019 paventes
1058 933 1349 1000 adverso
1375 933 1661 1000 tumultu
1694 936 2052 1002 terribilior
2085 939 2172 1004 ab
2202 943 2381 1022 tergo
2403 938 2522 1006 ad·

314 1046 514 1102 ortus
549 1039 817 1118 elamor,
864 1038 1107 1104 castris
1149 1038 1241 1103 ab
1276 1036 1616 1104 Hannone
1648 1038 1888 1122 captis.
1976 1038 2153 1106 Mox
2197 1047 2272 1106 et
2315 1041 2470 1126 ipse
2491 1042 2518 1082 ⁸

316 1140 578 1220 aderat,
629 1160 1016 1227 ancepsque
1053 1145 1262 1206 terror
1300 1140 1800 1219 circumstabat,
1831 1148 1967 1207 ete
2011 1141 2299 1208 navibus
2330 1149 2524 1210 tanta

313 1246 392 1309 vi
420 1248 813 1309 armatorum
858 1244 929 1311 in
981 1251 1221 1311 terram
1259 1243 1607 1323 evadente,
1649 1247 1723 1309 et
1774 1243 1861 1310 ab
1912 1249 2098 1329 tergo
2153 1245 2523 1332 improvisa

314 1352 656 1431 premente
679 1347 880 1415 acies.
963 1346 1175 1425 Galli,
1220 1353 1610 1431 postquam,
1633 1352 1921 1431 utroque
1967 1347 2106 1415 vim
2147 1346 2368 1415 facere
2406 1370 2525 1417 co-

313 1448 544 1527 nati‚¹⁰
587 1449 1019 1533 pellebantur,
1071 1461 1209 1534 qua
1237 1452 1466 1533 patere
1493 1450 1708 1516 visum
1738 1451 2031 1515 maxime
2059 1451 2206 1531 iter,
2228 1465 2525 1538 perrum-
2637 1447 2655 1454 ’

313 1556 510 1635 punt,
558 1551 929 1637 trepidique
975 1554 1044 1619 in
1100 1554 1295 1620 vicos
1337 1551 1601 1637 passim
1640 1571 1807 1619 suos
1858 1551 2240 1637 diffugiunt.
2329 1554 2527 1622 Han·

312 1654 524 1731 nibal,
547 1655 788 1724 ceteris
819 1655 1035 1740 copiis
1063 1675 1182 1740 per
1208 1654 1424 1720 otium
1454 1654 1771 1740 trajectis,
1797 1675 2113 1741 spernens
2132 1657 2277 1743 jam
2304 1658 2526 1725 Galli·

316 1775 441 1822 cos
465 1757 811 1838 tumultus,
842 1765 1066 1825 castra
1108 1759 1314 1825 locat.
1400 1757 1930 1844 Elephantorum
1979 1761 2525 1847 trajiciendomm

314 1861 512 1926 varia
540 1862 821 1927 consilia
851 1861 1064 1928 fuisse
1091 1862 1329 1930 credet
1372 1870 1558 1928 certe
1608 1863 1868 1928 variata
1902 1863 2229 1932 memoria
2252 1870 2299 1904 ¹¹
2346 1871 2523 1931 actm

315 1964 443 2031 rei.
534 1962 856 2044 Quidam,
899 1968 1320 2051 congregatis
1367 1967 1457 2033 ad
1513 1967 1730 2051 ripam
1778 1966 2178 2051 elephantis,
2231 1967 2526 2049 tradunt,

315 2065 814 2133 ferocissimum
853 2087 946 2133 ex
988 2069 1100 2147 iis,
1154 2068 1488 2135 irritatum
1539 2070 1629 2135 ab
1674 2076 1936 2136 rectore
1976 2089 2127 2150 suo,
2166 2089 2319 2136 cum
2349 2071 2528 2136 refu*

317 2168 611 2253 gientem
639 2168 707 2235 in
731 2189 976 2256 aquam
998 2177 1262 2240 nantem
1286 2180 1340 2214 ¹²
1384 2179 1798 2260 sequeretur,
1822 2173 2108 2241 traxisse
2133 2192 2418 2258 gregem,
2447 2179 2528 2240 ut

1239 2362 1605 2410 comem

315 2499 348 2547 8
384 2497 537 2562 Conj.
562 2497 736 2550 Bauer
758 2499 875 2564 ipsis
894 2514 968 2551 ac.
991 2499 1276 2556 Gallim-9
1315 2500 1431 2551 V'u.
1448 2533 1464 2551 .
1484 2529 1499 2551 ι
1518 2500 1715 2552 evadens
1748 2502 1797 2549 et
1830 2498 1891 2548 ab
1916 2499 1955 2548 t.
1984 2496 2101 2562 imp.
2131 2495 2372 2562 premebat
2401 2496 2530 2547 acie·

318 2559 457 2614 Edu.
484 2572 608 2614 ante
630 2565 923 2617 Drak.—1⁰
956 2565 972 2594 ‘
997 2559 1204 2631 Ueroque
1225 2566 1321 2616 uim
1340 2567 1504 2628 facere
1541 2565 1700 2615 conati
1733 2565 1809 2629 (in
1834 2578 1942 2627 eoa,
1963 2564 2050 2630 qui
2074 2562 2185 2627 jam
2219 2557 2531 2613 transierant

316 2643 437 2678 eum
462 2628 722 2680 Hannone
751 2631 1075 2695 Rhodanum,
1098 2632 1288 2697 quique
1309 2646 1449 2682 nunc
1476 2628 1792 2692 transibant)
1809 2643 1840 2679 e
1863 2630 1994 2679 Mis.
2030 2625 2272 2679 Cantabr.
2294 2633 2349 2678 et
2371 2627 2530 2688 Crev-

317 2696 497 2759 recepi
520 2709 636 2745 cum
661 2697 769 2746 Str.
794 2698 1044 2748 suadente
1066 2697 1187 2750 Jac.
1217 2696 1380 2747 Gron.
1418 2709 1511 2761 pro
1551 2697 1690 2758 vulg.
1725 2700 1834 2744 atro
1854 2694 1951 2744 viat
1968 2694 2023 2753 s.
2057 2710 2102 2743 e.
2170 2692 2231 2744 In
2256 2693 2362 2743 Ma.
2387 2692 2528 2743 Flor.

315 2764 570 2824 aitqua·
605 2761 777 2811 Bauer
817 2768 873 2812 et
895 2762 1039 2813 Duk.
1066 2763 1297 2827 jungunt
1328 2757 1457 2811 ultro
1485 2761 1803 2824 pellebantur,
1836 2766 1892 2809 et
1927 2759 2018 2808 ille
2049 2759 2179 2808 ultro
2209 2757 2403 2822 accipit
2435 2771 2531 2822 pro

314 2824 427 2888 ipsi,
455 2827 538 2874 vel
561 2825 656 2888 ita,
679 2834 735 2877 ut
758 2834 812 2876 et
833 2828 976 2879 notio
1007 2828 1200 2891 imper
1233 2828 1286 2876 in
1320 2839 1384 2874 eo
1406 2826 1591 2889 lateat,
1612 2828 1742 2889 (non
1764 2823 1917 2874 modo
1938 2822 2042 2874 vim
2063 2822 2236 2873 facere
2258 2835 2360 2871 non
2384 2829 2533 2887 pote·

316 2897 457 2949 rant,
480 2890 574 2939 aed
597 2891 827 2956 iusuper,
849 2893 948 2956 ipsi
971 2907 1194 2957 quoque,
1219 2906 1248 2942 e
1271 2892 1559 2954 contrario,
1573 2889 1942 2954 pellebantnn)
1974 2888 2057 2939 hic
2081 2901 2175 2953 pro
2196 2888 2407 2952 ὑιειφεν,
2428 2901 2532 2938 non

315 2963 688 3019 expectantes,
712 2967 768 3007 ut
790 2971 844 3007 r.
866 2961 945 3008 ⁸7.
970 2960 1017 3007 1.
1037 2967 1094 3008 et
1118 2973 1202 3022 ap.
1222 2958 1370 3007 Suet.
1387 2944 1506 3007 Tib.
1535 2960 1614 3005 ιι.
1665 2954 1866 3006 Contra
1886 2952 2054 3004 Drak·
2088 2954 2218 3003 ultro
2246 2953 2345 3003 oin
2367 2954 2534 3014 fucere

315 3019 422 3071 dici
462 3022 514 3070 h.
548 3022 583 3071 i.
624 3029 818 3083 monet,
852 3023 943 3087 qui
982 3023 1182 3073 hostem
1222 3021 1377 3088 primi
1417 3019 1828 3086 aggrediantur?
1862 3019 2199 3083 Κυμώ-11
2233 3018 2381 3069 Vett.
2404 3016 2535 3068 libb.

316 3092 456 3138 teate
478 3088 657 3148 Sigon·
686 3093 814 3138 certe
831 3089 971 3138 ouria
988 3087 1215 3138 memoria
1229 3091 1450 3140 este—12
1473 3090 1489 3115 ⁶
1512 3088 1637 3136 Cant
1653 3086 1966 3148 refugientem
1981 3099 2087 3135 eam
2103 3083 2157 3133 in
2171 3098 2340 3147 equam
2359 3088 2534 3133 natan·

319 3155 433 3201 tem
500 3149 568 3202 Τὸ
587 3167 695 3210 enm
719 3154 784 3203 ab
806 3152 1050 3218 sigonio:
1082 3158 1327 3203 aetutem
1365 3153 1420 3202 in
1460 3153 1627 3216 primo
1665 3152 1814 3200 video
1837 3147 1995 3201 Aldo.
2059 3150 2191 3199 Tres
2225 3148 2362 3199 Pan.
2386 3148 2536 3200 Meu.

315 3215 581 3273 Andreas,
603 3228 660 3267 et
679 3233 745 3268 ex
769 3233 833 3268 eo
857 3225 1190 3283 propagata:
1214 3233 1320 3268 cam
1339 3216 1658 3278 refugientem
1676 3215 1729 3265 ia
1744 3231 1916 3279 uquam
1930 3219 2122 3264 amum
2139 3217 2431 3290 aeg-eretur.
2462 3214 2535 3264 Et

315 3282 414 3330 hoc
451 3283 603 3332 nobis
636 3282 862 3335 sufficit!
895 3284 953 3334 J.
977 3284 1037 3336 F.
1058 3284 1273 3334 Gronov.
1337 3286 1354 3312 ‘
1376 3282 1557 3331 Verba
1589 3295 1812 3344 quemque
1842 3280 2085 3330 liuentem
2111 3278 2412 3328 altatudutem
2432 3292 2533 3327 nou

315 3347 445 3397 aatia
469 3349 737 3413 eleganter
760 3350 906 3400 dicta
929 3348 1203 3410 videntur-3
1236 3355 1292 3398 et
1332 3361 1431 3412 pro
1463 3351 1660 3398 maten
1680 3360 1798 3397 cum
1830 3345 2040 3396 Bauero
2067 3340 2208 3395 forte
2245 3343 2350 3408 leg.
2379 3343 2534 3393 aad·

1310 3505 1533 3563 1³01*AE

317 3641 652 3694 adhibebant.
715 3634 937 3711 Hispani
954 3654 1160 3711 quoque
1179 3637 1382 3710 praelia·
1463 3650 1620 3708 quam
1642 3638 1936 3691 inconditua
1962 3638 2208 3688 ululatus.

315 3717 426 3771 'turi
471 3728 646 3772 cetrae
689 3722 941 3786 rythmice
983 3722 1279 3786 pulsabant,
1328 3727 1386 3771 et
1530 3727 1565 3753 ¹¹
1603 3719 1890 3776 Quoties-tes
1937 3717 2097 3781 nun]
2143 3713 2380 3765 Eundem
2423 3716 2534 3764 ino·

317 3812 436 3848 eum
474 3798 612 3848 saltu
645 3807 908 3864 cantuque
943 3800 1142 3851 hostem
1177 3797 1387 3852 invade·
1465 3810 1577 3847 rem
1603 3796 1825 3846 Asiatici
1842 3809 2049 3862 quoque
2069 3792 2210 3844 Galli
2234 3790 2531 3850 servabant,

325 3873 476 3934 baut,
501 3882 635 3925 teste
654 3875 782 3926 Silio
803 3875 892 3926 lib.
911 3890 999 3927 ιιι.
1020 3891 1082 3928 ac
1104 3889 1160 3927 x.
1183 3884 1238 3927 et
1261 3875 1386 3926 Dio-
1466 3876 1510 3927 si
1541 3874 1758 3925 Auctori
1782 3882 1962 3923 nostro
1985 3871 2135 3935 tides,
2171 3868 2260 3920 lib.
2280 3882 2536 3922 xxxvm.

322 3940 451 4000 doro
479 3941 586 4001 Sic.
656 3951 843 4017 Neque
866 3951 936 4003 ab
969 3953 1047 4003 his
1071 3952 1388 4004 abhorrebat
1466 3965 1583 4015 cap.
1603 3953 1684 4000 17.
1719 3957 1735 3980 ⁸
1753 3947 1990 4011 Cautua,’
2030 3947 2217 4012 inquit,
2254 3953 2269 3978 ‘
2289 3945 2533 3997 inchoan-

320 4043 429 4078 moa
469 4029 751 4087 Laconum.
772 4018 876 4095 qui‘
896 4029 961 4080 ad
998 4030 1179 4082 tibiam
1204 4038 1258 4081 et
1293 4045 1388 4081 nu·
1469 4028 1598 4079 tium
1625 4026 1878 4093 praelium,
1916 4025 1975 4077 et
2008 4024 2233 4076 ululatus
2274 4030 2329 4074 et
2366 4024 2533 4088 tripu·

318 4118 486 4154 met-oa
521 4105 747 4169 pugnam
784 4105 998 4166 inibant,
1030 4113 1086 4158 et
1125 4109 1388 4171 congressi
1468 4107 1574 4166 dia,
1612 4115 1668 4158 et
1690 4105 2032 4172 quatientium
2056 4110 2204 4155 scuta
2227 4102 2280 4152 in
2305 4101 2532 4167 patrium·

324 4186 510 4244 paeana
532 4181 817 4233 canebant:
856 4196 958 4249 quo
991 4184 1197 4235 nomine
1220 4183 1384 4235 canti·
1465 4195 1680 4247 morem,
1719 4186 2013 4240 horrendus
2059 4198 2315 4239 armorum
2361 4181 2532 4250 crepi⁴

325 4272 441 4308 cum
471 4258 644 4324 potius
665 4260 777 4311 sive
799 4259 1018 4324 hymnus
1041 4253 1383 4328 significatur,
1465 4262 1592 4315 tus.'
