3025 4892
534 357 705 426 1676
1471 376 1540 427 τ.
1589 373 1783 427 mvn

614 520 720 588 14.
770 520 874 586 Ad
908 521 1055 585 haec
1089 519 1421 585 audienda
1445 539 1622 599 cum,
1649 523 2051 588 circumfusa
2081 520 2402 607 paulatim
2430 521 2735 587 multitu·

527 627 706 705 dine,
740 627 1131 712 permixtum
1163 626 1427 690 senatui
1483 636 1669 690 esset
1721 628 1955 709 populi
2003 626 2401 704 concilium3
2446 636 2732 709 repente

525 732 877 815 primores,
896 728 1281 794 secessione
1302 729 1507 807 facta,
1533 729 1964 815 (priusquam
1987 749 2377 813 responsum
2403 727 2734 811 daretur,)

524 842 861 915 argentum
896 850 1263 917 aurumque
1292 851 1505 908 omne,
1539 852 1629 897 ex
1670 833 1949 918 publico
1979 833 2381 917 privatoque
2410 833 2477 896 in
2507 833 2728 897 forum

525 937 869 1013 collatum,
899 937 964 1000 in
995 936 1213 1016 ignem
1238 935 1322 999 ad
1357 934 1427 999 id
1459 935 1702 1018 raptim
1726 935 1981 1001 sactum
2005 934 2468 1019 conjicientes,
2487 933 2729 999 eodem

522 1041 822 1124 plerique
870 1048 1077 1104 semet
1122 1039 1255 1122 ipsi
1276 1044 1329 1086 ¹⁴
1373 1038 1987 1123 praecipitaverunt.
2074 1036 2245 1102 Cum
2276 1056 2364 1102 ex
2392 1057 2475 1102 eo
2514 1056 2730 1121 pavor

522 1163 606 1209 ac
636 1142 994 1227 trepidatio
1025 1147 1240 1207 totam
1274 1143 1500 1206 urbem
1532 1143 1961 1225 pervasisset,
1985 1141 2163 1205 alius
2192 1141 2468 1224 insuper
2485 1140 2733 1205 tumul·

520 1253 633 1312 tus
661 1265 746 1310 ex
780 1265 933 1310 arce
965 1245 1255 1309 auditur.
1343 1244 1575 1309 Turris
1604 1244 1723 1309 diu
1753 1251 2082 1329 quassata
2109 1243 2532 1327 prociderat:
2576 1263 2728 1328 per·

521 1368 655 1435 que
686 1349 945 1413 ruinam
962 1348 1111 1432 ejus
1139 1346 1385 1413 cohors
1403 1346 1772 1413 Poenorum
1797 1348 2050 1431 impetu
2068 1344 2253 1412 sacto
2284 1365 2437 1411 cum
2460 1346 2727 1428 siguum

520 1453 905 1536 imperatori
936 1451 1257 1528 dedisset,
1289 1449 1609 1515 nudatam
1642 1449 2042 1515 stationibus
2073 1449 2540 1532 custodiisque
2567 1449 2725 1515 soli-

519 1557 610 1620 tis
639 1556 927 1620 hostium
960 1572 1112 1619 esse
1140 1554 1411 1633 urbem;
1456 1572 1588 1616 non
1619 1552 2072 1618 cunctandum
2106 1554 2176 1618 in
2206 1552 2329 1617 tali
2357 1555 2724 1617 occasione

522 1667 711 1725 ratus
762 1658 1134 1736 Hannibal,
1169 1656 1333 1723 totis
1379 1656 1639 1721 viribus
1689 1675 2045 1739 aggressus
2089 1655 2346 1730 urbem,
2381 1663 2724 1721 momento

520 1765 721 1848 cepit,
753 1764 944 1846 signo
972 1761 1158 1835 dato,
1187 1767 1271 1824 ut
1294 1779 1529 1824 omnes
1565 1759 1859 1843 puberes
1893 1757 2429 1824 interficerentur.
2473 1803 2482 1808 -
2519 1756 2726 1837 Quod

516 1866 863 1951 imperium
917 1863 1204 1940 crudele,
1252 1870 1552 1927 ceterum
1606 1880 1819 1945 prope
1857 1859 2329 1926 necessarium
2379 1879 2513 1944 cog
2556 1861 2725 1925 itum

516 1968 668 2052 ipso
697 1976 939 2033 eventu
974 1972 1158 2031 est.¹⁵
1250 1963 1379 2030 Cui
1409 1963 1586 2028 enim
1620 1964 1808 2047 parci
1836 1963 2059 2047 potuit
2086 1982 2177 2028 ex
2206 1963 2316 2041 iis,
2339 1963 2456 2047 qui
2480 1970 2603 2029 aut
2630 1965 2728 2028 in-

518 2071 684 2136 clusi
717 2089 871 2135 cum
902 2067 1301 2152 conjugibus
1318 2087 1401 2132 ac
1430 2067 1656 2130 liberis
1678 2064 1916 2129 domos
1940 2085 2147 2150 super
2174 2085 2249 2130 se
2271 2068 2465 2151 ipsos
2485 2068 2542 2107 ¹⁶
2565 2086 2727 2132 con-

517 2179 1002 2250 cremaverunt,
1058 2178 1175 2235 aut
1222 2171 1459 2236 armati
1492 2169 1747 2234 nullum
1776 2176 1929 2234 ante
1958 2167 2152 2235 finem
2197 2188 2466 2253 pugnae,
2521 2189 2727 2255 quam

515 2275 883 2353 morientes,
905 2276 1200 2341 feceruut
1220 2275 1250 2339 Ἰ

602 2378 712 2444 15.
756 2377 1052 2463 Captum
1082 2374 1459 2461 oppidumlt
1504 2383 1614 2442 est
1656 2395 1810 2440 cum
1845 2376 2092 2459 ingenti
2140 2374 2399 2460 praeda.
2490 2374 2724 2455 Quan-

515 2501 720 2567 quam
766 2484 1082 2567 pleraque
1123 2482 1211 2546 ab
1265 2480 1551 2545 dominis
1581 2480 1665 2544 de
1709 2478 2042 2544 industria
2085 2484 2396 2564 corrupta
2421 2488 2635 2558 erant,
2659 2486 2728 2545 et

515 2586 582 2648 in
613 2586 917 2653 caedibus
945 2588 1062 2650 vix
1095 2586 1301 2650 ullum
1345 2583 1966 2650 discrimen.oetatis
2002 2584 2095 2648 ira
2138 2582 2415 2660 fecerat,
2462 2591 2537 2648 et
2561 2603 2722 2670 cap-

515 2689 641 2753 tivi
672 2689 964 2754 militum
1011 2686 1242 2771 praeda
1291 2687 1595 2766 fuerant3
1641 2695 1864 2750 tamen
1908 2692 1978 2749 et
2031 2703 2117 2749 ex
2164 2686 2383 2769 pretio
2402 2693 2453 2735 ¹⁷
2502 2705 2721 2751 rerum

512 2791 936 2856 venditarum
966 2791 1378 2875 aliquantum
1411 2790 1724 2874 pecuniae
1773 2787 2119 2854 redactum
2149 2807 2303 2852 esse
2332 2796 2724 2878 constan-et

512 2895 790 2961 multam
839 2896 1199 2978 pretiosam
1255 2888 1766 2978 supellectilem¹
1811 2900 2195 2978 vestemque
2247 2892 2520 2957 missam
2562 2891 2722 2958 Car·

1426 3076 1489 3096 0&
1496 3075 1793 3096 meetabet

581 3197 644 3242 14
677 3199 691 3221 ‘
717 3192 802 3242 Ita
826 3190 956 3240 Mas.
977 3191 1177 3253 optimi,
1200 3205 1300 3241 non
1321 3198 1467 3242 umet
1488 3193 1648 3258 ipone:
1678 3192 1732 3244 J.
1751 3195 1809 3243 F.
1834 3191 2193 3244 Groneia—15
2231 3200 2245 3221 ·
2267 3190 2332 3241 Τὸ
2370 3192 2615 3252 cognitu·
2648 3197 2718 3240 ed

512 3258 829 3322 respondere
866 3258 1046 3322 nequit
1081 3257 1155 3318 τᾷ
1188 3258 1393 3315 crudele,
1431 3259 1568 3323 quod
1610 3259 1827 3325 requirit
1847 3260 1986 3318 suit.-
2019 3257 2269 3321 syllepsis
2303 3255 2505 3320 figura?
2538 3257 2716 3306 Bauer.

513 3324 576 3372 In
598 3325 697 3387 ipso
726 3323 852 3371 Edd.
879 3335 1000 3371 ante
1026 3323 1321 3371 Drake-lss
1355 3323 1370 3350 ‘
1395 3324 1576 3373 Domus
1595 3339 1737 3388 super
1765 3340 1817 3374 re
1840 3325 1965 3385 ipsos
1983 3327 2391 3372 concremat-erunt
2407 3337 2428 3380 ;
2460 3320 2596 3371 forte
2619 3323 2716 3383 leg.

507 3389 640 3451 ipat?
678 3390 895 3450 Rupert.
963 3391 978 3417 ‘
1004 3388 1226 3438 Videtur
1255 3387 1709 3452 distinguendumt
1741 3392 1919 3443 doum.
1947 3404 2088 3451 uper
2109 3388 2222 3436 inas
2243 3402 2294 3437 se
2314 3389 2460 3450 ipsos,
2487 3386 2522 3437 i.
2543 3402 2592 3436 e.
2626 3387 2715 3435 do·

494 3469 622 3502 moa
646 3465 702 3503 et
727 3454 936 3516 insuper
958 3469 1030 3507 ne,
1054 3468 1213 3518 seque
1233 3453 1384 3503 simui
1408 3470 1524 3504 cum
1552 3455 1801 3516 domibus,
1824 3461 1882 3503 ut
1905 3467 2029 3503 vni.
2048 3458 2097 3503 6.
2119 3457 2169 3501 4.
2205 3458 2219 3478 ⁶
2241 3452 2474 3517 legiones
2504 3451 2713 3502 iio-uum

508 3533 768 3583 superque
792 3535 879 3568 eas
905 3534 958 3567 se
982 3518 1315 3575 devovisset:
1341 3520 1375 3569 i.
1393 3537 1440 3568 e.
1463 3527 1520 3569 ot
1542 3536 1594 3570 se
1619 3522 1785 3568 sitinii.
1852 3520 1932 3569 lbi
1958 3526 2130 3569 tamen
2153 3517 2310 3567 etiam
2348 3517 2494 3566 notio
2527 3523 2716 3580 propter

511 3599 612 3633 una
631 3587 800 3633 inesse
827 3585 1049 3632 videtur.
1116 3582 1323 3648 Alioqui
1347 3583 1528 3642 fuerit.
1550 3593 1608 3635 ut
1630 3585 1878 3635 Germani
1903 3585 2189 3651 loquimur:
2223 3585 2310 3632 das
2331 3584 2470 3632 Hau
2489 3582 2715 3632 §berde-

513 3649 673 3713 Kom‘e
707 3648 1166 3764 anziinden.BMox
1202 3651 1455 3700 morientes
1493 3667 1589 3716 pro
1621 3654 1933 3700 morerentur.
2002 3647 2280 3699 Debebatt
2316 3649 2511 3712 nullum,
2547 3647 2712 3711 finem,

510 3713 609 3764 nisi
635 3714 953 3765 morientes!
1034 3730 1165 3765 aner.

1503 3813 1719 3864 NOTAE

575 3907 600 3943 ¹¹
637 3911 841 3973 Captum
861 3910 1105 3975 appiam]
1142 3909 1575 3974 oppugnatione·
1660 3910 1725 3960 U.
1753 3909 1815 3960 C.
1839 3908 2016 3959 mundi
2052 3923 2177 3958 vero
2216 3923 2280 3957 ex
2305 3916 2485 3958 nostra
2508 3921 2711 3972 conpu-

512 3986 589 4049 pit
618 3987 901 4049 Saguntos,
932 3995 1145 4036 auctore
1178 3985 1416 4051 Poiybio,
1439 3999 1577 4035 anno
1659 3989 1859 4038 tatione
1882 3990 2032 4037 8788.
2055 3993 2180 4036 ante
2204 3986 2467 4035 Ciu-istum
2487 3990 2602 4036 216.
2671 4001 2682 4016 ·

512 4063 681 4125 primo
705 4061 1027 4125 Olympiadis
1064 4067 1176 4113 1⁴0.
1205 4077 1339 4113 con.
1366 4062 1575 4112 AEmiiio
1723 4062 1735 4097 ¹
1769 4063 2046 4114 Prdimun
2063 4061 2417 4126 numilem]
2449 4062 2594 4112 Idem
2615 4061 2709 4111 Po·

510 4147 564 4186 et
594 4140 666 4187 M.
697 4140 840 4188 Livio
862 4155 876 4200 ς
911 4149 1124 4204 captum
1156 4153 1293 4188 auno
1314 4141 1573 4203 sequenti.
1656 4140 1826 4205 lybios
1850 4140 2032 4199 tradit,
2056 4149 2219 4204 atque
2251 4154 2318 4190 ex
2338 4153 2405 4190 ea
2425 4137 2708 4188 distributi·

513 4224 571 4264 ut
591 4230 658 4264 ex
681 4219 742 4265 iis
764 4231 879 4282 quae
913 4231 1033 4266 mox
1056 4217 1230 4265 Livius
1266 4214 1432 4265 refert
1452 4230 1575 4265 cou-
1653 4218 1803 4268 doni·
1826 4217 2128 4267 conciliatos
2151 4218 2430 4280 primatum
2448 4214 2706 4279 carthagi·

503 4292 599 4353 jici
638 4302 832 4356 potest.
902 4294 1023 4342 Fuit
1043 4295 1128 4342 iiic
1162 4308 1325 4343 annus
1357 4297 1473 4344 535.
1509 4293 1576 4343 ab
1656 4294 1914 4344 niensium
1939 4294 2154 4343 animoa.
