3025 4892
468 343 642 412 1534

1413 359 1483 407 Τ.
1533 357 1728 409 mvn

792 503 937 574 beri,
959 502 1082 574 cui,
1100 501 1376 562 adversus
1405 499 1950 562 exercitatiaeimum
1972 498 2031 560 in
2052 519 2114 560 re
2140 499 2378 561 nautica
2402 497 2683 581 populum

791 601 1074 662 classibus
1114 597 1336 659 bellare
1375 597 1621 669 volenti,
1664 617 1773 658 nec
1821 596 1898 658 ad
1937 616 2058 657 rem
2091 596 2549 676 aggrediundam
2581 617 2688 657 au-

793 698 990 768 dacia,
1018 716 1128 756 nec
1155 694 1232 756 ad
1252 694 1571 774 regendam
1595 694 1852 765 solertia,
1880 714 1989 754 nec
2012 693 2093 754 ad
2109 692 2523 777 perficiendam
2548 712 2691 753 con-

733 860 749 872 ,
793 793 1009 853 stantia
1043 792 1342 852 definisset.
1428 791 1584 852 Cum
1611 792 1768 852 enim
1794 790 1871 852 ad
1898 811 2032 870 eam
2065 790 2221 850 diem
2254 789 2515 850 Romani
2541 789 2693 850 adeo

481 1582 617 1633 otoo.
639 1598 711 1632 ιν.
730 1587 781 1634 7.

475 1771 652 1837 Polyb.

515 1837 595 1886 Au
596 1844 661 1886 ct.
689 1838 751 1887 de

482 1903 573 1952 vir.
605 1903 715 1953 inlls

482 1983 527 2016 c.
547 1972 629 2018 87.

481 2061 658 2132 Polyb.

516 2162 648 2216 Plin.
674 2179 746 2213 xv

486 2230 570 2277 89.

486 2291 613 2343 Flor.
645 2309 707 2344 ιι.
734 2300 784 2347 2.

486 2456 656 2525 Polyb.

795 891 1144 950 maritimam
1185 888 1455 949 militiam
1500 909 1616 948 non
1661 888 2005 968 attigissent,
2048 897 2114 948 ut
2162 906 2352 967 neque
2400 887 2557 947 viros
2591 887 2692 967 qui

796 987 1012 1048 navale
1039 985 1308 1068 praelium
1333 984 1639 1057 vidissent,
1676 1005 1867 1065 neque
1893 1005 2073 1045 naves
2111 982 2266 1043 ullas
2304 981 2575 1055 bellicas,
2617 1002 2691 1043 ne

794 1081 1272 1144 fabricandarum
1290 1082 1529 1163 quidem
1552 1081 1809 1143 artifices
1833 1081 2075 1141 idoneos
2096 1080 2406 1150 haberent,
2432 1080 2696 1139 maxima

798 1178 1020 1240 fiducia
1043 1188 1276 1240 tantum
1302 1199 1451 1261 opus
1475 1179 1752 1259 aggressi,
1789 1178 2131 1239 brevissimo
2150 1188 2414 1259 tempore
2439 1187 2502 1237 et
2526 1178 2695 1238 navi·

799 1296 937 1356 gare
969 1285 1288 1357 coeperunt,
1315 1285 1379 1336 et
1401 1275 1752 1336 dimicarunt
1774 1275 2071 1336 maritima
2096 1294 2313 1356 pugna,
2342 1283 2404 1334 et
2427 1274 2693 1335 homines

800 1392 839 1433 a
861 1372 1060 1432 multis
1094 1373 1369 1432 aetatibus
1403 1392 1594 1431 rerum
1619 1392 1818 1433 earum
1846 1372 2221 1453 peritissimos
2254 1378 2694 1452 superaverunt.

801 1467 967 1542 Cura
989 1467 1197 1530 classis
1219 1467 1584 1529 fabricandae
1610 1468 1890 1529 mandata
1915 1468 2032 1529 Cn.
2060 1467 2339 1529 Cornelio
2368 1467 2441 1529 L.
2472 1464 2544 1529 F.
2574 1465 2695 1528 Cn.

804 1561 896 1626 N.
927 1564 1191 1646 Scipioni
1234 1563 1465 1636 Asinae,
1506 1573 1599 1628 et.
1602 1564 1677 1626 C.
1709 1564 1915 1627 Duilio
1944 1564 2037 1627 Μ.
2069 1564 2144 1626 F.
2183 1564 2279 1626 Μ.
2308 1562 2397 1626 N.
2425 1563 2527 1645 qui
2552 1583 2695 1624 con-

802 1660 1056 1722 sulatum
1077 1681 1276 1721 recens
1300 1661 1610 1726 iniverunt.

887 1764 945 1818 3.
990 1756 1188 1819 Navis
1226 1767 1355 1818 erat
1399 1777 1518 1818 una
1557 1758 2006 1839 quinqueremis,
2049 1776 2229 1838 quam
2256 1755 2548 1818 Claudius
2578 1776 2700 1838 quo

805 1863 1065 1936 tempore
1107 1854 1243 1914 freti
1285 1856 1592 1915 transitum
1637 1854 2049 1926 meditabatur,
2094 1853 2369 1935 cupidine
2395 1851 2699 1935 pugnandi

716 1912 1042 2032 propius
1083 1951 1161 2012 ad
1200 1951 1365 2012 littus
1401 1951 1717 2033 perlatam,
1753 1951 2013 2032 locisque
2051 1951 2288 2013 vadosis
2319 1961 2381 2012 et
2423 1951 2705 2011 brevibus

808 2047 1145 2128 impeditam
1195 2047 1450 2128 pedestri
1486 2068 1664 2109 manu
1708 2057 1982 2129 ceperat:
2024 2049 2201 2131 hujus
2240 2048 2318 2108 ad
2359 2047 2700 2129 exemplum

749 2180 788 2218 ι,
806 2143 1051 2205 classem
1085 2144 1445 2205 exoedificari
1486 2145 1756 2206 consules
1769 2148 2020 2226 jussere,
2066 2156 2347 2227 tantoque
2387 2145 2583 2206 studio
2608 2145 2707 2205 in-·

807 2241 1080 2302 stitenmt
1120 2243 1305 2323 operi,
1359 2250 1425 2302 ut
1461 2244 1889 2322 sexagesimum
1932 2244 2089 2305 intra
2127 2243 2289 2304 diem
2328 2262 2521 2324 quam·
2545 2261 2711 2303 caesa

809 2339 1059 2402 materia
1081 2337 1276 2399 fuerat
1287 2337 1493 2399 classis
1519 2350 1755 2400 centum
1771 2342 2080 2420 sexaginta
2099 2342 2335 2402 navium
2356 2341 2415 2401 in
2433 2339 2707 2401 anchoris

806 2443 1008 2497 staret.
1079 2434 1202 2496 Sed
1227 2455 1343 2496 nec
1384 2436 1620 2515 ingenio
1657 2438 1881 2498 minore
1904 2458 2089 2519 quam
2113 2437 2398 2499 industria
2434 2435 2707 2499 consules

810 2531 1245 2613 expeditionem
1270 2532 1442 2594 inam
1475 2542 1871 2595 mauu-arunt.
1855 2555 1870 2571 ·
1913 2555 2050 2596 cum
2088 2536 2248 2596 enim
2287 2554 2479 2615 neque
2510 2535 2703 2616 impe-

808 2629 972 2689 ritus
1001 2630 1245 2709 remiges
1294 2630 1355 2690 in
1409 2630 1594 2712 praelii
1652 2630 1960 2692 discrimen
2026 2630 2320 2693 adducere
2370 2631 2707 2693 consulum

811 2733 1104 2805 putarent,
1146 2743 1336 2806 neque
1377 2727 1760 2789 exercendis
1744 2729 1816 2788 iis
1838 2737 2071 2810 tempus
2106 2749 2297 2790 rerum
2321 2727 2707 2840 gerendarum

809 2830 1109 2882 coarctare
1137 2822 1394 2895 vellent,
1435 2826 1754 2885 commenti
1792 2833 1928 2885 sunt
1966 2844 2108 2897 rem,
2153 2826 2241 2886 uti
2281 2826 2471 2907 prima
2508 2826 2709 2908 specie

810 2915 1141 2988 ridiculam,
1168 2919 1255 2978 ita
1278 2923 1386 2978 usu
1421 2929 1749 3001 eventuque
1776 2921 2007 3003 prolixe
2029 2921 2593 2992 commendabilemz
2640 2931 2709 2983 ut

813 3011 1062 3083 interea,
1089 3012 1231 3073 dum
1257 3033 1438 3076 naves
1460 3017 1930 3099 compinguntur,
1950 3017 2129 3079 futuri
2152 3020 2398 3099 remiges
2420 3020 2483 3079 in
2509 3018 2709 3081 littore

814 3108 1092 3169 sedentes
1132 3108 1326 3172 officia
1373 3133 1482 3174 sua
1523 3113 1907 3177 docerentur:
1950 3115 2156 3177 iisdem
2199 3118 2359 3178 enim
2382 3116 2709 3177 ordinibus

814 3204 1103 3286 dispositi,
1130 3228 1279 3287 quos
1304 3207 1362 3268 in
1390 3210 1528 3291 ipsis
1555 3212 1801 3273 navibus
1822 3214 2106 3273 servaturi
2130 3232 2270 3274 mox
2294 3223 2481 3283 erant,
2506 3213 2707 3273 horn-

813 3310 939 3362 tore
966 3303 1027 3362 in
1052 3303 1252 3365 media
1266 3305 1442 3367 turba
1459 3306 1793 3380 collocato,¹
1807 3307 1885 3369 ad
1905 3308 2064 3369 illius
2080 3329 2286 3371 vocem
2322 3319 2386 3370 et
2415 3319 2710 3391 praecept·

758 3432 774 3456 .
815 3420 1047 3463 movere
1096 3412 1159 3464 et
1203 3404 1503 3485 impellere
1555 3426 1767 3479 remos,
1817 3407 2138 3489 iterumque
2189 3410 2507 3490 quiescere,
2548 3407 2708 3469 haud

496 4179 664 4246 Polyb.

816 3498 991 3559 aliter
1019 3519 1196 3580 quam
1222 3504 1567 3583 navigantes
1603 3505 1818 3579 solent,
1850 3506 2233 3585 jubebantur.
2320 3506 2465 3567 Hac
2500 3508 2707 3587 imagi·

817 3596 986 3656 naria
1023 3598 1445 3661 exercitatione
1484 3610 1717 3662 tantum
1763 3601 2087 3684 profectum
2126 3613 2236 3676 est,
2290 3612 2357 3664 ut
2395 3613 2708 3684 postquam

819 3692 1038 3773 paratis
1050 3695 1183 3773 jam
1211 3695 1458 3757 navibus
1486 3717 1709 3778 paucos
1748 3698 1876 3760 dies
1906 3701 1966 3760 in
2009 3703 2138 3782 ipso
2162 3720 2337 3781 opere
2365 3699 2707 3761 industriam

816 3808 982 3849 suam
1009 3790 1434 3870 probavissent,
1464 3795 1600 3873 jam
1633 3795 1928 3857 confidere
1953 3798 2093 3878 ipsis
2117 3797 2397 3858 auderent
2419 3796 2708 3868 consules,

818 3903 1099 3965 suamque
1124 3894 1188 3946 et
1214 3886 1506 3966 legionum
1537 3890 1785 3953 salutem
1807 3892 2064 3954 credere.

897 3986 958 4042 4.
1001 3979 1358 4044 Provincias
1394 3984 1609 4049 deinde
1652 4008 1787 4050 cum
1821 3990 2184 4062 sortirentur,
2222 3989 2299 4050 C.
2345 3987 2554 4050 Duilio
2592 3997 2705 4049 ter·

819 4085 997 4135 restre
1024 4076 1083 4137 in
1113 4076 1320 4139 Sicilia
1345 4080 1591 4154 bellum,
1622 4083 1736 4146 Cn.
1766 4085 2048 4147 Cornelio
2069 4085 2275 4147 classis
2297 4086 2514 4146 evenit.
2584 4085 2710 4152 Qui

820 4173 1087 4233 assumtis
1110 4176 1358 4237 navibus
1386 4179 1801 4258 septemdecim
1830 4181 2167 4244 Mesoenam
2195 4201 2549 4264 progressus,
2592 4202 2713 4264 <1¹¹0
