3025 4892
880 405 1089 454 mum
1143 405 1285 455 xx.
1331 404 1972 456 surranum-rum.
2353 387 2528 454 1619

306 546 438 619 alii,
464 548 567 629 qui
592 567 696 629 per
723 546 1057 610 Sardiniam
1086 551 1149 609 in
1183 548 1472 632 praesidm
1496 557 1685 620 erant,
1717 548 2028 609 Bostarem
2060 546 2204 609 1²oe-

307 665 517 705 norum
553 646 764 705 ἀνω-ι
818 665 954 705 cum
996 647 1115 706 suis
1164 645 1544 708 interfecere:
1605 646 1968 708 Hannonem
2022 645 2204 706 alium

304 741 518 802 ducem
559 741 637 802 ad
660 741 1083 803 vindicandum
1118 742 1348 805 facinus
1372 743 1734 823 Carthagine
1773 745 2031 814 missum,
2073 763 2203 824 per-

305 847 500 899 tracto
525 839 585 899 in
608 840 949 900 societatem
974 840 1324 916 ‚rebellionis
1346 842 1611 901 exercitu
1638 843 1791 921 ejus,
1819 840 2201 921 comprehen-

310 955 441 995 sum
488 936 549 995 in
573 955 807 996 crucem
833 956 1039 1016 egere:
1082 946 1325 1017 totaque
1351 938 1568 1019 passim
1596 936 1788 997 insula
1819 936 2040 997 Punici
2067 957 2201 997 san·

306 1033 501 1110 guinis
522 1032 858 1094 hominibus
883 1035 1206 1095 interemtis
1232 1035 1343 1116 ipsi
1370 1036 1598 1094 mnnita
1622 1034 1757 1095 loca
1781 1035 2200 1094 obtinuerunt:

302 1127 516 1199 donec,
536 1128 835 1190 discordia
858 1131 1016 1191 inter
1040 1132 1196 1211 ipsos
1220 1141 1282 1192 et
1305 1130 1526 1192 Sardos
1551 1140 1701 1201 orta,
1721 1131 1875 1212 pulsi
1900 1133 1978 1191 ab
2001 1131 2114 1202 his,
2141 1131 2202 1190 in

304 1224 550 1286 Italiam
574 1246 637 1286 se
670 1246 964 1308 recepere.
1046 1227 1201 1287 Tum
1241 1228 1415 1307 igitur
1460 1229 1848 1310 perfecerunt,
1883 1227 2044 1308 quod
2092 1226 2200 1288 ali-
2226 1250 2528 1316 Polyb.1.8⁸.

300 1332 527 1403 quanto
554 1323 732 1404 prins,
757 1343 895 1383 cum
920 1324 1115 1385 adhuc
1141 1326 1202 1385 in
1230 1324 1507 1385 Sardinia
1530 1335 1747 1398 essent,
1775 1326 2198 1406 nequiverant:

302 1438 440 1479 nam
465 1440 540 1480 eo
580 1441 817 1500 quoqne
856 1429 1118 1503 tempore
1162 1421 1473 1482 Romanos
1515 1422 1592 1482 ad
1633 1421 1838 1483 insnlae
1878 1421 2199 1483 dominium

299 1517 712 1598 occupandum
738 1519 1145 1580 invitaverant.
1231 1517 1353 1579 Sed
1380 1528 1715 1600 praesentes,
1751 1519 1875 1579 sive
1909 1520 2202 1601 precibus,

298 1613 424 1674 sive
450 1616 759 1675 occasione
784 1614 1082 1675 crescendi
1121 1616 1380 1697 apertius
1405 1615 1826 1687 demonstrata,
1852 1624 1921 1676 ut
1957 1617 2019 1675 in
2062 1614 2200 1676 Sar-
2225 1629 2524 1699 Polybum-

297 1708 528 1771 diniam
554 1712 854 1791 navigatio
879 1713 1287 1794 susciperetur,
1314 1712 1642 1773 obtinuere.
1726 1712 1866 1773 Nec
1891 1712 2048 1773 enim
2071 1713 2204 1774 vul-

297 1816 457 1887 gatae
481 1809 714 1869 virtutis
738 1820 851 1881 est,
895 1809 1185 1870 abstinere
1212 1809 1387 1870 rebus
1426 1808 1652 1882 alienis,
1694 1829 1940 1891 quarum
1972 1819 2202 1890 promta

295 1905 375 1963 sit
399 1907 684 1986 posessio
708 1925 725 1967 t
766 1925 958 1987 neque
1001 1906 1099 1967 hie
1126 1906 1352 1968 animus
1377 1905 1537 1987 apud
1568 1905 1813 1986 cupidos
1836 1915 1899 1967 et
1923 1907 2198 1968 ambitio·

295 2022 394 2063 sos
420 2012 528 2065 aut
552 2005 725 2076 bene,
772 2014 877 2065 aut
905 2003 1008 2065 diu
1050 2003 1378 2066 simulatur.
1462 2001 1587 2064 Sed
1630 2003 1758 2064 haec
1800 2002 1981 2087 paulo
2025 2023 2204 2086 supra

296 2102 482 2184 repeti
508 2121 627 2163 non
652 2101 907 2162 alienum
934 2100 1193 2162 videtur.

377 2205 441 2258 5.
459 2196 631 2259 Nam
649 2197 937 2270 Romani,
952 2206 1020 2258 ut
1045 2196 1427 2258 humanitatis
1440 2195 1677 2257 laudem
1692 2204 2198 2276 consequerentur,
2223 2198 2392 2251 Zonar-

298 2295 379 2356 ab
405 2295 577 2356 initio
602 2295 748 2356 belli
790 2296 957 2356 istius
997 2315 1209 2374 magno
1235 2295 1431 2354 animo
1458 2292 2030 2372 Carthaginiensium
2056 2313 2198 2354 can-
2224 2298 2526 2366 Polybi-83.

299 2407 429 2450 sam
472 2389 761 2453 foverant.
845 2392 930 2453 Et
967 2392 1172 2473 copias
1205 2389 1447 2472 quiden
1492 2388 1827 2459 auxiliares,
1856 2391 1942 2449 uti
1975 2390 2196 2471 petive-
2222 2394 2529 2472 ‘Com-bfep·

297 2496 434 2548 rant
459 2488 660 2562 Poeni,
707 2487 901 2549 nullas
931 2489 1176 2549 misere:
1233 2486 1338 2547 sed
1385 2505 1578 2566 neque
1626 2485 1964 2557 Uticenses,
2007 2505 2195 2565 neque
2219 2460 2521 2591 ’ἓρῗίᾙῖὶῖ

294 2604 636 2666 quenquam
657 2585 735 2646 ad
758 2607 822 2646 se
848 2584 1250 2647 deficientium
1266 2591 1648 2665 receperunt:
1692 2590 2041 2642 mercatores
2064 2601 2199 2642 suos
2221 2589 2527 2641 fulv-Ursis,

292 2701 373 2742 ex
400 2682 591 2743 Italia
614 2692 676 2744 et
700 2682 911 2744 Sicilia
934 2701 1028 2743 res
1052 2681 1410 2742 necessarias
1446 2679 1526 2740 ad
1554 2678 2075 2758 Carthaginienses
2097 2678 2201 2739 de·
2223 2657 2402 2785 {⁰0¹}ss

292 2779 444 2840 fem
461 2784 801 2861 juaeemnt:
843 2800 979 2841 cnm
1005 2779 1274 2840 hostibus
1298 2776 1800 2855 Carthaginiensis
1823 2775 2028 2857 populi
2040 2795 2201 2836 com-
2225 2785 2438 2852 Appi-n.

293 2878 580 2938 mercium
607 2887 955 2938 vetuerunt:
997 2876 1203 2938 militis
1226 2895 1305 2936 ex
1346 2872 1539 2935 Italia
1572 2873 1634 2934 in
1659 2872 1815 2933 istud
1838 2871 2048 2933 saltem
2072 2871 2203 2933 bel-

296 2973 419 3035 lun
460 2974 868 3036 conscribendi
894 2973 1161 3035 fecerint
1201 2979 1592 3054 potestatem:
1635 2970 1824 3030 missis
1847 2969 1987 3051 quin
2021 2970 2201 3030 etiam

296 3071 511 3152 legatis
533 3071 758 3133 bellum
797 3090 1173 3153 conponere,
1212 3088 1552 3151 quanquam
1595 3068 1756 3128 irrito
1795 3075 2037 3138 conatu,
2078 3076 2200 3127 stu-
2225 3085 2393 3134 zonat.

292 3168 567 3231 (luerunt.
650 3169 737 3230 Et
776 3168 1069 3230 inciderat
1111 3165 1353 3247 quidem
1392 3165 1576 3248 paulo
1616 3173 1754 3225 ante
1779 3164 2198 3235 controversia,
2222 3149 2397 3216 Polyb.

290 3267 453 3347 quod
483 3267 749 3328 homines
772 3265 1025 3327 Italicos
1048 3264 1242 3325 forum
1278 3283 1473 3323 rerum
1497 3261 1802 3323 venalium
1842 3260 1921 3320 ad
1970 3261 2196 3320 hostem

291 3363 675 3446 &portantes
697 3363 1020 3444 capiebant
1041 3361 1243 3431 Puni,
1271 3359 1721 3438 carceribusque
1737 3357 1990 3438 publicis
2013 3355 2201 3416 inclu-

288 3461 536 3523 debant.
618 3460 874 3542 Janque
899 3459 978 3521 ad
1005 3461 1359 3540 quingentos
1390 3458 1524 3537 ejus
1547 3455 1776 3534 generis
1812 3454 2112 3515 habebant
2138 3455 2197 3513 in

291 3558 580 3628 vinculis3
625 3577 815 3639 neque
840 3557 1017 3638 pauci
1058 3554 1405 3615 dicebantur
1429 3553 1633 3624 occisi,
1676 3561 1739 3612 et
1763 3551 1842 3611 ad
1883 3550 2195 3630 tegendam
2254 3562 2468 3628 Appiam.

292 3656 589 3716 latrocinii
611 3654 833 3715 famam
874 3654 934 3714 in
967 3672 1129 3712 mare
1156 3650 1511 3732 praecipitati
1541 3669 1701 3718 esse;
1745 3667 1882 3709 cum
1908 3646 2193 3719 Romani,
2220 3629 2391 3744 ἓξὲξ·
2420 3636 2472 3677 ⁸⁸

296 3773 418 3814 rem
440 3772 577 3814 eam
602 3753 856 3832 graviter
876 3751 1149 3820 ferentes,
1178 3747 1322 3810 belli
1347 3748 1537 3807 minas
1562 3754 1853 3807 ostentare
1880 3751 2194 3824 coeperunt.
2251 3757 2522 3824 Polybau.

298 3848 417 3912 Sed
438 3850 619 3911 Poeni
636 3849 850 3929 legatis
872 3847 1080 3917 missis,
1108 3846 1212 3925 qui
1234 3865 1457 3914 omnes,
1483 3850 1776 3923 quotquot
1802 3838 2194 3900 detenti‘Car-
2219 3825 2302 3875 ²⁸·

300 3946 532 4027 thagine
568 3947 825 4017 fuerant,
865 3944 1210 4006 reducerent
1254 3941 1758 4019 restituerentque‚
1802 3936 1953 3997 adeo
1991 3936 2195 4016 placa-

300 4054 429 4104 runt
466 4044 752 4126 populum
806 4041 1173 4111 Romanum,
1217 4047 1285 4099 ut
1325 4036 1538 4118 reliqui
1579 4056 1656 4095 ex
1700 4031 1993 4094 Siciliensi
2038 4031 2194 4093 bello
2220 4053 2387 4105 Zow,

303 4142 514 4222 captivi
540 4139 764 4201 Punici
787 4157 989 4200 omnes
1006 4137 1131 4210 sine
1156 4135 1347 4217 pretio
1373 4135 1831 4206 restituerentur,

375 4244 437 4299 6.
486 4236 613 4299 Sed
662 4245 954 4319 postremo
1004 4233 1147 4296 vicit
1199 4231 1465 4305 ambitio,
1519 4227 1939 4313 premendiquo
1990 4223 2193 4309 populi
