3025 4892
816 385 1020 435 mum
1074 383 1304 434 xvnl.
1349 382 1996 435 SUPPLEMRNTUM.

288 529 440 590 locis
465 528 713 590 totidem
739 528 979 589 navalia
993 528 1220 610 praelia,
1247 548 1460 609 magno
1488 527 1798 589 intervallo
1824 528 2036 600 divisa,
2053 545 2187 587 uss-

288 636 519 688 cuntur.

2342 367 2517 434 1553

371 731 431 783 8.
476 723 632 784 Cum
661 725 745 783 ita
768 726 912 784 satis
938 724 1039 784 diu
1069 724 1251 785 dubia
1278 725 1525 785 victoria
1550 733 1835 784 certatum
1864 734 2037 795 esset,
2055 735 2189 784 tan·
2212 729 2380 778 zonas.

290 819 428 880 dem
455 822 674 892 evenit,
709 821 870 903 quod
913 842 1214 882 necessum
1250 829 1340 881 est
1385 823 1486 880 ubi
1528 820 1699 881 sim'ul
1743 821 2006 902 pluribus
2047 821 2192 883 locis
2215 826 2513 892 Polyb.1.2s.

294 917 517 1000 aequali
544 919 755 978 virium
785 919 991 979 robore
1034 927 1346 1001 pugnatur,
1375 928 1443 978 ut
1478 938 1614 998 quae
1648 938 1784 999 pars
1809 921 1997 1000 prima
2023 917 2193 999 pulsa

289 1014 424 1086 fuit,
453 1016 634 1077 totius
658 1016 992 1077 certaminis
1014 1017 1323 1078 victoriam
1349 1016 1536 1076 daret.
1582 1016 1739 1076 Cum
1766 1017 1921 1076 enim
1944 1015 2190 1077 Hamil·

290 1132 395 1172 car
419 1113 541 1173 vim
567 1114 817 1174 bostium
844 1112 1089 1175 ulterius
1109 1114 1259 1174 ferre
1285 1134 1401 1175 non
1423 1121 1639 1195 posset,
1662 1112 1844 1194 ipsius
1866 1112 2008 1193 fuga
2030 1123 2190 1174 cete-

291 1230 386 1269 ras
409 1212 590 1272 etiam
617 1212 868 1274 Punicae
894 1212 1100 1273 classis
1137 1221 1334 1294 partes
1357 1212 1556 1272 statim
1585 1209 1937 1293 profligavit.
2022 1211 2192 1272 Nam

291 1328 368 1368 ex
394 1310 738 1369 consulibus
763 1309 833 1371 L.
862 1309 1101 1371 Manlio
1129 1312 1187 1370 in
1215 1311 1469 1391 captivis
1503 1310 1751 1370 navibus
1784 1309 2195 1389 conquirendis

292 1415 354 1465 et
394 1405 473 1466 ad
512 1426 650 1467 suas
689 1407 1007 1487 alligandis
1039 1417 1355 1489 occupato,
1387 1407 1481 1468 M.
1519 1405 1791 1487 Regulus
1821 1408 2191 1467 commissum

291 1503 439 1564 alibi
464 1513 764 1564 certamen
792 1505 999 1565 videns
1017 1505 1304 1566 auxilium
1317 1506 1438 1565 suis
1460 1504 1611 1565 ferre
1636 1504 1956 1575 festinavit,
1974 1524 2192 1564 assum-

291 1601 372 1660 tis
419 1600 692 1661 secundae
736 1601 938 1664 classis
980 1603 1250 1673 navibus,
1293 1611 1588 1684 quotquot
1639 1622 1716 1662 ex
1759 1600 1946 1683 priore
1996 1621 2195 1682 pugna

291 1698 540 1778 integrae
567 1697 882 1780 illoesaeque
916 1708 1248 1762 evaserant.
1333 1699 1627 1760 Celeriter
1659 1720 1829 1781 opem
1858 1700 2026 1760 istam
2059 1720 2191 1760 sen·

291 1815 418 1857 sere
447 1796 654 1868 triarii,
683 1798 1052 1878 receptisque
1081 1798 1310 1869 animis,
1360 1818 1508 1877 quos
1544 1817 1726 1879 prope
1761 1797 1836 1857 ad
1868 1807 2195 1859 extremum

295 1893 625 1974 periculum
668 1895 912 1957 adducti
955 1895 1407 1977 desponderant,
1454 1905 1688 1955 strenue
1734 1896 2013 1955 dimicare
2058 1915 2194 1956 cum

293 1991 642 2053 adversariis
666 2003 984 2074 coeperunt.
1072 1994 1304 2054 Hanno
1328 2015 1462 2055 cum
1487 2003 1552 2054 et
1575 1994 1682 2055 hos
1706 1995 1897 2055 acrius
1932 1995 2194 2054 resistere

296 2092 430 2164 sibi,
457 2100 520 2152 et
546 2111 585 2151 a
608 2101 774 2171 tergo
798 2113 861 2153 se
888 2092 1074 2173 premi
1090 2091 1316 2153 videret
1342 2112 1379 2152 a
1403 2093 1759 2164 recentibus,
1774 2092 1920 2153 velis
1935 2093 1993 2152 in
2010 2091 2195 2152 altum

296 2188 454 2249 datis
479 2189 783 2249 imminens
808 2190 1055 2251 exitium
1081 2190 1400 2272 praeveuire
1426 2190 1669 2253 studuit.

373 2295 439 2347 9.
483 2285 643 2346 Cum
661 2286 812 2346 inter
828 2287 954 2348 haec
983 2288 1052 2347 L.
1086 2286 1350 2348 Manlius
1377 2308 1612 2368 quoque
1640 2289 1870 2348 tertiam
1888 2287 2196 2349 Romano-

295 2404 422 2444 rum
448 2383 698 2444 classem
723 2404 762 2444 a
789 2383 1364 2464 Carthaginiensium
1409 2386 1643 2445 sinistro
1668 2406 1850 2445 cornu
1880 2385 1956 2445 ad
1985 2393 2197 2444 terram

299 2482 488 2561 urgeri
505 2482 900 2562 conspicatus,
927 2482 1157 2542 c'ursum
1184 2503 1256 2542 eo
1283 2482 1641 2555 intendisset,
1668 2482 2004 2564 supervenit
2026 2491 2088 2542 et
2104 2481 2197 2541 Μ.

300 2577 596 2658 Regulus,
625 2580 728 2659 qui
741 2581 874 2658 jam
900 2580 1246 2662 hippagines
1282 2589 1343 2640 et
1386 2580 1613 2641 triarios
1646 2581 1702 2639 in
1730 2588 1859 2640 tuto
1885 2579 2202 2641 locaverat.

301 2674 402 2736 Ita
429 2677 628 2736 subito
659 2676 844 2736 facies
868 2697 1056 2737 rerum
1081 2679 1345 2749 vertitur,
1372 2676 1842 2758 claudunturque
1868 2686 1931 2737 et
1955 2677 2199 2754 cingun-

302 2782 397 2833 tur
421 2776 528 2854 qui
558 2774 739 2854 paulo
764 2784 903 2835 ante
931 2773 1239 2836 Romanos
1268 2774 1804 2835 circumdederant.
1848 2794 1996 2854 quos
2034 2774 2201 2854 equi-

301 2870 480 2931 dem
464 2891 525 2931 m
555 2855 785 2933 arctum
811 2874 1172 2955 constipatos
1197 2883 1260 2934 et
1285 2874 1452 2934 velut
1475 2874 1742 2934 obsessos
1770 2872 1911 2933 olim
1946 2891 2202 2953 pessum-

300 2967 625 3041 dedissent,
672 2971 781 3030 nisi
825 2980 986 3031 metu
1040 2991 1349 3033 corvorum
1394 2972 1674 3033 accedere
1715 2972 1909 3042 veriti,
1952 2970 2205 3051 spatium

301 3065 606 3128 dedissent
633 3067 1000 3140 consulibus,
1039 3077 1107 3130 ut
1140 3078 1221 3130 et·
1252 3091 1388 3130 suos
1424 3071 1713 3151 eriperent
1760 3068 2101 3138 incolumes,
2144 3077 2207 3128 et

303 3163 889 3245 Carthaginiensibus
912 3167 1107 3228 subito
1144 3188 1384 3229 accursu
1421 3168 1779 3237 circumfusi,
1816 3187 1995 3227 naves
2032 3165 2203 3245 quin·

302 3264 590 3344 quaginta
614 3275 750 3325 cum
793 3266 1124 3327 vectoribus
1147 3261 1438 3338 omnibus,
1480 3266 1645 3328 velut
1687 3266 1982 3345 indagine,
2023 3283 2202 3344 cape-

304 3370 469 3422 rent:
515 3382 722 3443 paucae
763 3362 1008 3443 reliquae
1039 3365 1224 3443 juxta
1263 3364 1429 3425 littus
1470 3365 1660 3446 ipsum
1704 3386 1767 3425 se
1813 3362 2205 3423 subducentes

301 3459 582 3539 effugere.
670 3460 811 3521 Fuit
853 3462 966 3521 hoc
1006 3462 1274 3542 praelium
1325 3482 1461 3522 cum
1500 3464 1789 3523 varietate
1830 3480 2094 3531 casuum,
2144 3468 2206 3519 et

305 3559 680 3619 contentione
725 3559 1048 3639 pugnandi,
1117 3568 1241 3620 tum
1302 3560 1481 3620 etiam
1523 3561 1862 3619 amissarum
1914 3558 2205 3639 utrimque

311 3655 543 3715 navium
570 3655 942 3717 multitudine
969 3656 1120 3717 inter
1158 3677 1351 3738 pauca
1390 3655 1846 3718 memorandum.
1932 3656 2206 3722 Quatuor
2231 3674 2533 3727 emmae,

317 3754 751 3832 etsexaginta¹¹
802 3753 1128 3815 Poenorum
1143 3774 1324 3815 naves
1348 3763 1581 3836 captae:
1622 3774 1803 3835 snpra
1828 3754 2071 3832 triginta
2096 3752 2203 3812 de·
2230 3770 2403 3837 Polyb.

315 3869 525 3929 pressae
549 3859 720 3911 sunt:
762 3851 1015 3913 victores
1042 3862 1292 3933 quatuor
1327 3861 1390 3912 et
1431 3852 1638 3931 viginti
1673 3871 1853 3911 naves
1895 3850 2209 3910 amiserunt

316 3944 587 4008 fluctibus
610 3948 888 4019 haustam
934 3959 999 4010 at
1025 3950 1081 4009 in
1111 3958 1462 4030 potestatem
1505 3950 1760 4010 hostium
1798 3946 1965 4007 nulla
2002 3965 2205 4027 perve-

319 4043 419 4104 nit.

386 4246 443 4295 11
477 4241 562 4297 Its
583 4244 817 4297 Crevier.
841 4259 908 4298 ex
933 4243 1122 4309 Polyb.
1148 4251 1203 4297 et
1226 4243 1380 4298 Oros.
1445 4244 1580 4297 Edd.
1602 4258 1709 4310 prr.
1737 4229 1915 4296 Tres‘it
1936 4240 2208 4304 sexaginta.
