3025 4892
502 380 674 451 1398
1295 399 1356 449 s.
1403 394 1910 447 Fasmsnsuu

502 570 643 613 cum
662 550 1005 612 serenissimi
1030 549 1229 612 vultus
1253 550 1570 621 hilaritate,
1598 560 1658 610 te
1700 559 1763 609 et
1787 548 2107 628 intelligere
2141 550 2339 610 omnia
2378 571 2512 631 quae
2538 551 2696 613 dice—

502 656 723 720 rentur,
743 658 806 709 et
828 648 1026 709 favere
1064 646 1285 708 dicenti
1310 649 1624 719 testareris,
1652 647 1803 709 adeo
1829 668 1957 708 sum
1997 647 2302 729 voluptate
2342 659 2405 710 et
2445 648 2696 710 admira-

502 746 659 806 tione
683 755 912 827 captus‚
940 754 1009 805 ut
1029 743 1244 805 exinde
1270 764 1385 805 non
1401 747 1536 823 jam
1553 754 1619 804 ut
1638 764 1830 804 meam
1845 743 2250 804 tantummodo
2274 729 2697 827 regnorumque

501 841 786 914 Tuorum,
811 842 915 903 sed
957 851 1023 902 ut
1062 843 1319 903 omnium
1344 843 1626 903 virtutum
1666 843 2141 922 ingeniorumque
2186 837 2550 923 Principem,
2591 864 2694 906 co-

502 934 736 1001 lendam
761 959 887 1000 esse
911 948 1243 1000 stamerem.
1325 937 1534 1019 Atque
1575 938 1823 998 eundem
1859 939 2123 1018 sequenti
2162 938 2398 999 biennio
2434 938 2696 1000 favorem

500 1055 628 1096 sum
653 1044 950 1116 expertus,
978 1036 1207 1115 quoties
1233 1034 1545 1095 Ubsaliam
1572 1054 1848 1113 reg-ressa,
1892 1034 1966 1094 de
2008 1034 2181 1094 rebus
2204 1054 2353 1115 quas
2377 1035 2692 1096 mandave-

500 1152 594 1192 ras
618 1132 801 1193 verba
822 1132 1136 1193 facientem
1157 1132 1451 1193 audivisti.
1538 1131 1800 1192 Subinde
1825 1152 1963 1192 vero
2003 1132 2323 1212 majoribus
2356 1152 2450 1191 me
2489 1152 2692 1193 cumn-

502 1228 693 1289 latura
715 1228 1036 1299 beneficiis,
1064 1229 1206 1289 nihil
1234 1228 1353 1289 tale
1394 1248 1508 1289 non
1536 1238 1863 1309 sperantem
1889 1227 2086 1299 modo,
2112 1227 2216 1288 sed
2241 1249 2315 1287 ne
2340 1228 2693 1307 cogitantem

499 1326 759 1406 quidem,
788 1327 846 1385 in
873 1325 1072 1387 aulam
1097 1326 1391 1386 evocasti:
1435 1325 1536 1385 ubi
1561 1345 1696 1405 quae
1738 1326 1958 1395 statim,
1987 1334 2092 1385 aut
2122 1345 2259 1384 mox
2301 1345 2340 1385 a
2362 1334 2420 1385 te
2447 1346 2692 1407 accepe-

498 1423 629 1492 rim,
655 1422 759 1483 vix
786 1421 962 1502 longo
985 1442 1246 1482 sermone
1273 1442 1499 1502 possem
1524 1441 1884 1482 enumerare.
1967 1420 2301 1482 Praefecisti
2340 1442 2435 1482 me
2461 1422 2691 1484 Biblio-

498 1519 685 1578 tbecae
726 1518 896 1590 Tuae,
939 1539 1060 1599 qua
1085 1518 1251 1578 nulla
1273 1518 1384 1577 sub
1409 1518 1575 1578 initia
1598 1517 1794 1578 statim
1821 1539 1930 1578 sua
1951 1517 2067 1578 fuit
2100 1517 2467 1599 locupletior,
2492 1522 2691 1598 cujus-

499 1636 614 1694 que
657 1615 881 1679 auxilio
922 1616 1102 1676 etiam
1143 1616 1202 1675 in
1243 1616 1333 1674 his
1373 1615 1793 1676 concinnandis
1834 1614 2270 1696 Supplementis
2295 1615 2692 1697 maximopere

495 1731 624 1771 sum
650 1712 908 1792 adjutus.
994 1712 1472 1793 Historiograpbi
1515 1710 1751 1772 titulum
1777 1712 2122 1793 imposuisti,
2149 1721 2216 1772 ut
2239 1732 2329 1772 res
2352 1721 2550 1773 nostra
2569 1733 2690 1773 me-

496 1808 681 1868 moria
705 1818 898 1888 gestas
920 1809 1340 1889 gerendasque,
1366 1827 1501 1867 cum
1526 1806 1666 1866 Tibi
1692 1806 2004 1877 videretur,
2031 1807 2355 1887 posteritati
2379 1808 2689 1868 traderem.

498 1902 954 1965 Habitationem
977 1905 1036 1965 in
1062 1904 1263 1984 Regia
1283 1903 1439 1975 Tua,
1463 1924 1578 1964 non
1602 1901 2132 1965 commodissimam
2157 1903 2357 1975 modo,
2382 1904 2486 1965 sed
2511 1905 2690 1966 etiam

498 2002 686 2081 (quod
712 2004 919 2082 magis,
948 2011 1016 2063 ιιι
1040 2003 1098 2061 in
1126 2002 1259 2064 loco
1282 2001 1687 2072 celeberrimo,
1715 2002 1920 2061 mirum
1954 2004 2071 2079 est)
2113 2000 2684 2081 tranquillissimam3

495 2097 794 2170 salarium,
821 2108 889 2158 ut
926 2119 988 2158 re
1013 2101 1142 2180 ipsa
1170 2098 1464 2180 experior,
1490 2097 1863 2167 invidiosum,
1906 2097 2179 2159 tribuisti.
2233 2085 2350 2158 ‘Et
2386 2117 2522 2158 cum
2561 2097 2690 2158 hec

494 2194 668 2274 longe
708 2195 968 2255 maxima
1009 2195 1362 2265 viderentur,
1402 2193 1653 2254 effecisti
1693 2202 1762 2253 ut
1801 2212 1921 2273 prae
1961 2192 2099 2263 illis,
2129 2212 2263 2272 quae
2303 2202 2507 2253 secuta
2533 2203 2690 2263 sunt,

495 2292 714 2370 possint
764 2291 986 2352 leviora
1025 2292 1267 2352 censeri.
1351 2290 1508 2351 Cum
1549 2291 1706 2351 enim
1747 2289 2092 2351 Graecarum
2146 2289 2439 2349 literarum
2493 2309 2691 2350 amore

493 2384 789 2464 flagrares,
816 2408 1017 2448 sensus
1040 2387 1620 2448 eminentissimorum
1647 2387 1706 2446 in
1743 2385 1902 2448 civili
1945 2386 2233 2467 sapientia
2272 2385 2571 2445 hominum
2612 2384 2690 2445 ab

494 2479 750 2561 ipsorum
775 2504 874 2545 ore
898 2485 1139 2566 cupiens
1177 2483 1430 2554 haurire,
1464 2484 1659 2544 nescio
1699 2481 2037 2563 quomodo
2019 2500 2284 2560 ignarum
2321 2480 2463 2560 quid
2489 2500 2689 2560 agere-

493 2587 609 2649 tur,
626 2579 729 2640 sed
755 2581 967 2642 sensim
992 2582 1295 2655 irretitum,
1313 2581 1390 2641 ad
1418 2579 1574 2642 istud
1600 2579 2002 2659 magisterium
2020 2579 2103 2638 ita
2128 2576 2456 2659 propulisti,
2474 2587 2542 2638 ut
2564 2587 2690 2638 tum

492 2675 727 2736 demum
754 2698 847 2739 me
872 2680 1021 2740 serio
1045 2679 1256 2740 docere
1283 2678 1690 2757 intelligerem,
1716 2697 1851 2737 cum
1872 2672 1960 2736 Te
1974 2678 2105 2756 jam
2141 2674 2327 2735 multa
2350 2675 2500 2735 serio
2525 2674 2689 2736 vide-

498 2791 619 2838 rem
645 2772 939 2836 didicisse.
1026 2774 1157 2836 Ista
1178 2774 1452 2834 Tuaarte
1476 2773 1698 2834 factum
1716 2782 1828 2843 est,
1854 2781 1921 2832 ut
1943 2793 2015 2832 eo
2041 2782 2325 2853 tempore,
2351 2770 2510 2851 qnod
2539 2773 2692 2833 intra

493 2868 823 2948 proximum
863 2870 1161 2931 biennium
1206 2870 1445 2949 Regina
1484 2888 1752 2948 regnans,
1805 2877 1868 2928 et
1905 2868 2276 2947 belligerans,
2317 2877 2380 2929 et
2427 2868 2692 2930 Comitia

492 2983 671 3044 saepe,
698 2972 761 3024 et
786 2963 1069 3025 Senatmn
1095 2965 1380 3046 quotidie,
1408 2973 1471 3025 et
1494 2964 1730 3044 negotia
1754 2964 1875 3025 alia
1896 2964 2149 3046 plurima
2173 2965 2560 3025 indesinenter
2584 2967 2689 3026 ba·

492 3059 658 3131 bens,
699 3061 815 3121 huc
850 3062 1185 3143 impendere
1226 3063 1488 3144 potuisti,
1521 3065 1656 3143 jam
1696 3084 1770 3125 eo
1811 3064 2175 3144 processeris,
2210 3063 2689 3144 utpostexperi-

491 3166 692 3217 menta
716 3158 775 3217 in
802 3159 1092 3239 Polybio,
1119 3161 1180 3220 in
1207 3160 1542 3222 Plutarcho
1565 3160 1748 3232 facta,
1777 3161 2101 3222 Platonem
2118 3162 2213 3237 (at
2234 3179 2410 3241 quem
2429 3160 2619 3220 virum
2640 3160 2690 3237 l)

492 3252 576 3312 ita
617 3253 800 3333 legas,
842 3263 908 3316 ut
950 3277 1145 3338 operte
1190 3276 1338 3318 meae
1388 3258 1491 3319 vix
1535 3258 1741 3319 leviter
1780 3278 1977 3338 egens,
2019 3257 2232 3318 cursim
2266 3275 2531 3336 exponas
2569 3255 2690 3316 els-
2801 3322 2808 3328 ,

492 3351 655 3428 ganti
707 3351 1035 3415 Latinitate
1089 3355 1397 3435 verbisque
1453 3355 1997 3435 significantissimis
2025 3375 2040 3415 ε
2109 3353 2374 3434 adeoque
2427 3373 2689 3413 nonnun-

492 3466 670 3527 quam
695 3449 844 3509 vitia
866 3451 1166 3522 versionis,
1194 3452 1272 3511 ab
1303 3451 1705 3514 eruditissimis
1734 3441 2068 3514 bominibus
2090 3471 2304 3530 magno
2328 3450 2530 3511 labore
2555 3471 2689 3532 pro-

491 3554 733 3617 curatae,
787 3568 891 3629 per
930 3547 1020 3609 Te
1060 3550 1513 3622 animadvertas,
1568 3560 1747 3631 atque
1798 3550 1950 3612 veris
2014 3548 2338 3610 rationibus
2383 3567 2692 3627 coarguas.

491 3640 729 3707 Quibus
752 3663 829 3704 ex
856 3646 1030 3707 rebus
1053 3647 1323 3707 omnibus
1345 3656 1575 3709 tantum
1599 3657 1838 3729 tamque
1879 3648 2105 3707 varium
2135 3645 2453 3727 purissimae
2479 3644 2686 3726 volup-

489 3738 630 3799 tatis
647 3738 900 3802 fructum
920 3743 1117 3825 capio,
1133 3752 1202 3803 ιιι
1215 3744 1372 3825 apud
1400 3746 1633 3806 intimos
1646 3744 2020 3804 familiarium
2034 3741 2374 3823 simpliciter
2397 3740 2569 3802 fateri
2594 3760 2689 3801 so·

492 3832 668 3906 leam,
687 3857 802 3910 me,
820 3840 1027 3920 siquid
1054 3841 1131 3901 ad
1157 3839 1411 3902 officium
1437 3841 1594 3902 istud
1620 3840 1874 3921 impendi
1896 3840 2192 3920 temporis,
2214 3844 2319 3898 aut
2333 3837 2569 3909 laboris,
2587 3848 2691 3898 aut

489 3928 741 4012 deniqne
765 3936 1184 4015 cogitationum
1207 3945 1271 3997 et
1294 3936 1487 3998 fidelis
1509 3957 1687 4008 curae,
1722 3936 2046 4013 (molestias
2068 3935 2246 4005 enim,
2273 3934 2690 3995 conscientiam

486 4037 688 4101 testor,
714 4036 865 4095 sensi
889 4039 1239 4115 nunquam‚)
1265 4034 1327 4095 id
1353 4055 1526 4096 omne
1567 4036 1708 4096 mibi
1746 4033 2065 4115 cujuslibet
2090 4033 2249 4094 horoe
2274 4033 2485 4113 pretio,
2506 4050 2688 4115 quam

490 4127 649 4206 apud
673 4140 733 4189 te
760 4130 992 4210 exigere
1033 4130 1220 4201 licuit,
1252 4131 1487 4193 abunde
1520 4141 1823 4214 pensatum
1865 4131 2150 4191 arbitrari.
2236 4129 2331 4190 Ut
2369 4130 2525 4189 enim
2566 4128 2688 4189 alia

490 4232 741 4298 taceam,
768 4238 1049 4308 quantum
1078 4228 1137 4289 in
1163 4228 1276 4289 hoc
1303 4249 1419 4290 uno
1442 4240 1555 4302 est,
1587 4229 1944 4291 clarissimae
1985 4227 2224 4307 Regum
2261 4227 2464 4287 adesse
2489 4227 2681 4306 quoti-
