3025 4892
990 348 1138 399 ms.
1195 347 1436 398 xxrv.
1483 349 1650 400 car.
1694 333 1804 398 12.
2341 332 2516 399 2007

312 502 554 569 habito
598 505 669 566 et
712 500 982 566 centum
1004 504 1031 546 ⁵
1063 497 1346 564 navibus
1388 497 1586 564 novis
1625 496 1953 578 deductis,
1984 496 2074 578 Q.
2106 496 2363 565 Fabius
2400 517 2517 565 co·

312 606 513 672 mitia
552 602 942 670 censoribus
988 602 1298 668 creandis
1347 602 1609 668 habuit.
1696 601 1923 669 Creati
1970 601 2072 667 Μ.
2100 601 2351 668 Atilius
2383 601 2518 667 Re·

310 710 515 791 gnlus
567 713 639 773 et
696 705 779 772 Ρ.
833 705 1073 772 Furius
1126 705 1388 771 Philus.
1476 704 1652 770 Cum
1705 706 2218 773 increbresceret
2267 724 2515 784 rumor,

309 812 565 877 bellum
586 810 657 875 in
692 809 933 877 Sicilia
958 827 1132 888 esse,
1160 809 1242 875 Τ.
1266 806 1603 875 Otacilius
1631 828 1716 875 eo
1735 829 1887 875 cum
1920 811 2141 875 classe
2169 807 2515 895 proficisci

298 917 548 1001 jussus
605 922 730 980 est.
819 912 987 980 Cum
1047 911 1363 980 deessent
1417 920 1664 992 nautes,
1722 914 2038 981 consules
2095 932 2183 978 ex
2237 919 2516 979 senatus

309 1016 627 1084 consulto
664 1016 1043 1093 edixerunt,
1074 1022 1095 1055 ‘
1112 1023 1210 1096 ut,
1238 1018 1380 1101 qui,
1412 1017 1492 1083 L.
1537 1018 1847 1098 AEmilie‚
1878 1017 1959 1084 G.
1992 1016 2329 1083 Flaminio
2359 1035 2516 1081 oen-

307 1122 598 1200 soribus‚
641 1120 940 1186 millibus
995 1122 1153 1187 aeris
1204 1121 1729 1207 quinquaginta‘
1772 1122 1922 1208 ipse
1967 1127 2089 1187 aut
2130 1126 2321 1205 pater
2366 1118 2515 1203 ejus

307 1242 559 1290 census
587 1223 825 1290 fuisset
869 1242 1090 1309 usque
1133 1223 1217 1290 ad
1261 1232 1531 1291 centum
1570 1226 1805 1305 millia,
1835 1233 1953 1293 aut
1979 1224 2090 1292 cui
2132 1230 2379 1311 postea
2406 1240 2514 1288 res

305 1335 504 1393 tanta
523 1332 706 1393 esset
730 1328 939 1406 facta,
970 1334 1242 1395 nautam
1262 1349 1466 1396 unum
1494 1349 1653 1397 cum
1675 1348 1802 1397 sex
1822 1329 2155 1396 mensium
2178 1324 2512 1412 stipendio

305 1431 541 1498 daret:
590 1432 710 1517 qni
740 1450 944 1516 supra
973 1439 1234 1499 centum
1275 1432 1493 1500 millia
1536 1454 1748 1519 usque
1790 1434 1880 1500 ad
1921 1438 2216 1499 trecenta
2256 1424 2518 1509 ruillia,f

301 1542 441 1601 tres
470 1543 712 1601 nautas
739 1524 895 1601 cum
926 1535 1264 1620 stipendio
1286 1554 1549 1631 annno:
1595 1539 1713 1621 qui
1744 1555 1951 1622 supra
1978 1542 2273 1601 trecenta
2299 1533 2514 1599 millia

300 1658 525 1723 usque
553 1639 644 1705 ad
673 1639 898 1705 decies
929 1637 1140 1718 seris-‚⁸
1171 1638 1470 1725 quinque
1515 1647 1794 1705 nautas:
1840 1640 1959 1723 qui
2004 1656 2213 1723 supra
2257 1636 2508 1711 decieS,

300 1748 599 1826 septem:
643 1750 990 1809 senatores
1038 1747 1197 1811 octo
1239 1748 1479 1809 nautas
1516 1762 1673 1810 cum
1722 1761 1950 1809 annue
1998 1740 2337 1827 stipendio
2388 1738 2511 1804 da·

297 1844 497 1911 rent?
581 1845 691 1912 Ex
736 1846 864 1911 hoc
909 1845 1134 1912 edicto
1163 1846 1302 1912 dati
1337 1853 1588 1927 nautes,
1639 1846 1879 1912 armati
1926 1845 2375 1928 instructique
2419 1842 2509 1907 ab

299 1947 613 2028 dominis,
643 1969 798 2016 cum
837 1949 1112 2032 triginta
1158 1949 1418 2016 dierum
1467 1952 1682 2017 coctis
1731 1948 2049 2017 cibariis*¹
2093 1967 2308 2015 naves
2354 1966 2509 2012 con·

300 2052 714 2119 scenderunt.
799 2053 974 2119 Tum
1019 2052 1305 2137 primum
1342 2059 1445 2120 est
1483 2055 1761 2133 factum,
1791 2062 1871 2119 ut
1913 2055 2156 2121 classis
2188 2052 2507 2119 Romana

299 2157 510 2220 sociis
537 2156 914 2235 navalibus,
944 2156 1209 2241 privata
1236 2158 1548 2240 impensa
1577 2158 1860 2241 paratis),
1893 2157 2346 2242 compleretur.

386 2259 496 2325 12.
545 2260 684 2326 Hic
744 2259 957 2345 major
1014 2259 1220 2326 solito
1280 2267 1652 2344 apparatus
1723 2261 2070 2345 praecipue
2135 2258 2508 2326 conterruit

296 2362 712 2449 Campanos,
739 2382 826 2428 ne
867 2365 957 2429 ab
997 2363 1357 2429 obsidione
1399 2364 1661 2450 Capuae
1690 2365 1937 2430 bellum
1981 2363 2134 2449 ejus
2176 2362 2330 2427 anni
2364 2361 2506 2427 Ro·

293 2468 476 2532 mani
498 2466 881 2551 inciperent.
959 2465 1206 2551 Itaque
1235 2468 1494 2551 legatos
1527 2466 1987 2535 Hannibalem
2008 2473 2267 2533 oratum
2299 2465 2506 2530 mise·

291 2577 472 2641 runt,
504 2577 579 2634 ut
608 2568 915 2654 Capuam
956 2570 1328 2634 exercitum
1367 2570 1776 2637 admoveret.
1862 2570 2013 2641 ‘Ad
2061 2588 2209 2636 eam
2241 2587 2502 2653 oppug-

293 2672 582 2737 nandam
633 2692 850 2738 novos
898 2672 1242 2738 exercitus
1283 2672 1490 2738 scribi
1545 2670 1830 2755 Romae3
1875 2694 2003 2740 nec
2051 2673 2258 2738 ullius
2310 2671 2501 2735 urbis

295 2773 659 2841 defectioni
689 2776 905 2859 magis
947 2776 1248 2842 infensos
1300 2795 1527 2841 eorum
1570 2773 1877 2842 animos¹
1925 2774 2123 2842 esse!
2209 2772 2293 2839 Id
2340 2774 2503 2859 quia

297 2886 437 2942 tam
487 2879 732 2964 trepidi
770 2880 1183 2958 nuntiabant,
1237 2880 1708 2946 maturandum
1755 2881 2107 2948 Hannibal
2156 2886 2362 2955 ratae,
2414 2895 2500 2941 ne

290 2981 740 3066 praevenirent
790 2980 1111 3061 Romani,
1140 2983 1485 3069 profectus
1530 2981 1763 3067 Arpis,
1803 2983 1892 3049 ad
1938 2982 2165 3050 Tifata
2212 2983 2281 3048 in
2320 2986 2501 3046 vete-

1215 3162 1583 3187 mm&

289 3297 512 3362 relinqui.
579 3295 705 3347 vid.
729 3296 859 3348 Not.
885 3297 1109 3348 Van—5
1149 3299 1354 3348 Centum
1376 3298 1529 3349 abest
1551 3297 1619 3349 ab
1642 3296 1776 3350 md.
1797 3305 1921 3349 ante
1944 3299 2175 3349 Gronov.

1289 3461 1341 3512 N
1347 3461 1507 3512 0⁹1·AE

355 3584 380 3611 ⁸
403 3575 623 3626 mnibus
643 3575 757 3626 arie
770 3576 1142 3641 qrduqnagiata]
1165 3577 1223 3629 Si
1244 3590 1361 3628 eum
1496 3575 1519 3611 ¹
1552 3576 1711 3641 Usque
1729 3579 1794 3627 cui
1814 3581 2023 3628 trecenta
2042 3572 2219 3638 udaia]
2238 3574 2498 3624 Trecenta

287 3660 542 3717 argentea
564 3660 770 3702 moneta
799 3660 980 3704 nostra
1000 3654 1362 3705 semiunciales
1433 3653 1617 3703 assium
1640 3666 1894 3702 oereorurn
1930 3652 2091 3701 millia
2116 3651 2274 3702 libras
2296 3657 2499 3700 nostra·

290 3743 434 3779 astes
466 3743 840 3794 comparemus,
874 3730 1043 3781 minor
1073 3732 1226 3796 panto
1262 3732 1363 3781 erit
1430 3738 1512 3780 tes
1536 3728 1818 3779 redderent
1843 3727 1955 3778 fere
1976 3733 2124 3780 8700.
2258 3740 2283 3757 ··

288 3806 402 3856 hoc
432 3818 632 3855 summa
665 3809 813 3856 1400.
843 3806 1007 3857 libris.
1497 3812 1526 3850 8
1545 3805 1721 3857 Decies
1740 3807 1877 3871 eris]
1906 3804 2112 3857 Ansium
2135 3805 2251 3872 ejus
2294 3811 2498 3869 tempo·

353 3881 580 3932 millibus
645 3883 762 3933 oeris
826 3884 1186 3947 quinqueremem
1252 3885 1360 3950 ξι]
1429 3882 1498 3933 ris
1521 3882 1699 3933 decies
1730 3891 1951 3935 centena
1985 3883 2145 3933 millia
2178 3883 2497 3948 respondere

289 3959 529 4012 Quantas
566 3972 789 4009 summas
829 3958 1093 4009 hodierno
1133 3969 1357 4013 monete
1424 3960 1669 4011 videntur
1691 3960 1835 4010 libris
1860 3962 2124 4012 Franclcis
2150 3965 2331 4011 27200.

287 4036 402 4084 hoec
428 4034 727 4092 conficiant,
750 4035 1043 4099 intelligere
1078 4035 1256 4087 licebit
1291 4051 1357 4088 ex
1485 4036 1512 4073 b
1563 4038 1796 4099 fflghta
1847 4039 2030 4088 &aum
2081 4038 2226 4087 coetis
2278 4036 2497 4100 dmin]

287 4110 350 4159 iio
390 4124 508 4175 quoe
549 4110 846 4160 notavimus
878 4111 943 4160 ad
980 4111 1068 4163 lib.
1103 4124 1144 4163 ι.
1188 4126 1237 4164 c.
1267 4117 1355 4165 ⁴3.
1421 4114 1563 4166 Gall.
1597 4116 1847 4166 Pom-veno
1866 4117 1926 4166 de
1948 4114 2136 4173 δίει-κίε,
2164 4117 2247 4179 ⁸5⁶·
2275 4128 2396 4179 ρων
2425 4127 2494 4163 rm

286 4185 446 4236 Unde
469 4187 628 4237 etiarn
653 4186 872 4252 liquebit
899 4188 1025 4237 satis
1048 4202 1206 4251 grave
1228 4204 1357 4242 onus
1427 4193 1567 4243 nois.

287 4264 506 4329 privatis
531 4264 827 4330 impositum
848 4261 1025 4320 fui-se.
1051 4267 1108 4318 J·
1123 4267 1355 4321 Clericus.
1497 4272 1513 4308 ¹
1539 4272 1722 4325 Eorum
1741 4270 1950 4337 animos]
1982 4270 2354 4323 Romanorum.
