3025 4892
427 429 440 436 ,
476 346 648 412 1556
685 413 692 422 ,
889 297 898 305 0
1436 362 1504 412 τ.
1559 362 1740 411 mvn

805 506 924 568 lum
951 527 1043 568 res
1078 507 1136 567 in
1164 504 1379 567 Africa
1416 508 1797 587 prosperrime
1840 513 2135 584 gerentem
2171 523 2248 565 ex
2289 502 2487 564 medio
2526 525 2698 567 cursu

803 605 1177 666 victoriarum
1224 605 1484 665 revocari
1533 624 1646 663 non
1695 602 1952 684 placuit:
2002 604 2320 683 jussusque
2356 603 2704 684 proconsule

804 697 1038 763 bellum‘
1053 704 1111 762 in
1139 701 1357 763 Africa
1381 700 1806 761 administrare.

512 809 616 860 Liv.
647 810 781 876 Epit.
887 808 988 862 14.
1044 800 1123 861 Id
1159 798 1726 861 senatusconsultum
1770 819 1942 859 nemo
1983 799 2214 879 accepit
2249 797 2480 876 aegrius,
2518 816 2703 877 quam

628 909 643 925 ⁰
807 897 963 959 idem
989 897 1116 971 ille,
1142 900 1314 977 cujus
1340 899 1399 958 in
1441 898 1721 958 honorem
1749 895 1972 957 factum
1999 895 2211 956 fuerat.
2298 892 2490 974 Igitur
2519 893 2707 954 literis

478 1006 605 1120 eron
608 1007 785 1057 usn-at.
807 996 885 1057 ad
911 1007 1179 1058 senatum
1205 997 1390 1056 missis
1431 1017 1505 1056 ea
1546 996 1623 1057 de
1665 1016 1726 1056 re
1761 1003 1999 1076 questus
2038 1003 2147 1066 est,
2195 993 2462 1073 interque
2493 1011 2709 1053 causas

478 1138 573 1186 Seu
529 1139 782 1251 maduo!
807 1093 1043 1175 petendi
1068 1095 1414 1155 succeaeoris
1451 1095 1670 1175 posuit,
1715 1102 1733 1129 ‘
1751 1091 1937 1153 villici
1962 1092 2053 1152 sui
2079 1091 2299 1151 morte’
2343 1091 2422 1168 (is
2444 1088 2707 1169 agellum

639 1208 782 1256 c.l2.
807 1191 952 1264 heri,
979 1212 1153 1274 quem
1179 1191 1444 1252 habebat
1465 1192 1524 1250 in
1550 1191 1841 1272 Pupinia,
1859 1191 2135 1269 jugerum
2159 1197 2387 1268 septem
2411 1184 2705 1265 coluerat)

809 1289 1264 1350 ‘mercenarium
1288 1289 1659 1364 occasionem
1684 1297 1944 1359 nactum,
1973 1295 2171 1347 amoto
2195 1284 2331 1345 iude
2357 1284 2705 1343 instrumen-

515 1401 627 1449 val.
645 1400 780 1452 Mu.
807 1394 891 1458 to,
921 1386 1286 1447 discessisse:
1330 1405 1512 1465 quare
1541 1385 1928 1447 necessariam
1950 1403 2077 1444 esse
2104 1382 2477 1466 praesentiam
2510 1400 2704 1451 mam,

485 1480 558 1514 ’ν’
580 1471 628 1517 ⁴¹·
651 1471 701 1517 ⁶·
808 1502 880 1542 ne
905 1503 1037 1543 rure
1061 1482 1292 1543 deserto
1319 1503 1435 1543 non
1462 1491 1616 1543 esset
1642 1482 1799 1543 unde
1840 1500 1990 1543 uxor
2034 1480 2321 1561 liberique
2359 1478 2449 1538 sui
2475 1477 2706 1540 aleren-

805 1581 940 1640 tur!
1023 1580 1422 1660 Decrevitque
1464 1589 1723 1652 senatus,
1766 1589 1783 1617 ‘
1804 1588 1872 1640 ut
1895 1598 2034 1659 ager
2070 1577 2164 1638 M.
2200 1576 2425 1656 Reguli
2467 1574 2708 1657 publice

805 1675 1114 1749 coleretur,
1159 1699 1251 1737 res
1290 1678 1517 1740 amissae
1544 1676 1984 1748 redimerentur,
2026 1675 2197 1736 uxori
2225 1673 2538 1754 liberisque
2578 1674 2713 1753 ejus

806 1774 1090 1835 alimenta
1129 1777 1568 1857 praeberentur.⁹
1664 1774 1721 1836 Ii
1765 1784 1894 1835 tum
1936 1793 2127 1833 mores
2165 1771 2364 1832 fuere!
2433 1769 2555 1831 Sed
2595 1790 2711 1850 ego

807 1873 1034 1951 quoties
1059 1874 1189 1933 baec
1223 1883 1401 1955 atque
1425 1874 1575 1935 talia
1602 1874 1738 1953 lego
1764 1870 2029 1942 tradove',
2056 1879 2384 1950 temperare
2402 1873 2409 1880 '
2429 1888 2546 1928 uon
2572 1888 2711 1950 pos-

805 1989 954 2041 sum,
982 1970 1121 2050 quin
1161 1990 1296 2031 cum
1342 1972 1539 2032 animo
1567 1991 1699 2031 meo
1743 1969 2083 2049 recogitem,
2126 1974 2349 2048 quanto
2386 1965 2465 2025 sit
2507 1966 2713 2026 virtuti

807 2063 1025 2127 firmior
1060 2089 1098 2128 a
1140 2068 1339 2141 laude,
1375 2089 1556 2150 quam
1590 2088 1669 2129 ex
1708 2067 1984 2150 pecunia,
2019 2083 2277 2125 merces:
2330 2062 2548 2148 quippe
2582 2073 2711 2124 tam

805 2163 1006 2224 multis
1042 2174 1174 2247 post
1217 2168 1491 2227 aetatibus
1535 2166 1722 2245 gloria
1758 2165 1851 2227 M.
1896 2160 2123 2243 Reguli
2166 2170 2401 2222 manet:
2460 2159 2711 2222 aliorum

806 2281 947 2342 opes
971 2283 1107 2323 cum
1130 2263 1401 2336 dominis,
1431 2273 1493 2324 et
1519 2283 1675 2345 saepe
1702 2271 1839 2323 aute
1867 2262 2022 2343 ipsos
2046 2259 2359 2341 perierunt.

481 2369 651 2439 Polyb.
886 2365 986 2420 15.
1051 2359 1570 2441 Carthaginienses
1616 2362 1841 2421 interea
1878 2358 2112 2419 duobus
2163 2356 2327 2417 domi
2376 2355 2712 2417 constitutis

806 2454 1073 2527 ducibus,
1117 2457 1459 2519 Asdrubale
1499 2457 1822 2519 Hannonis
1860 2455 2007 2528 filio,
2052 2463 2113 2516 et
2157 2453 2429 2527 Bostare,
2472 2454 2711 2515 tertium

803 2553 983 2614 etiam
1015 2553 1427 2616 Hamilcarem
1452 2577 1528 2617 ex
1571 2555 1783 2618 Sicilia
1823 2553 2113 2624 accivere,
2139 2552 2243 2632 qui
2277 2571 2413 2612 cum
2439 2549 2709 2632 peditum

805 2650 1064 2732 quinque
1090 2653 1375 2726 millibus,
1400 2655 1699 2735 equitibus
1729 2651 2085 2734 quingentis,
2114 2649 2424 2710 Heraclea
2449 2647 2710 2710 Cartha·

481 2757 648 2809 Ζοιιαι.
807 2747 1000 2827 giuem
1031 2771 1275 2832 propere
1301 2754 1482 2813 veuit.
1571 2749 1666 2810 Hi
1693 2749 2127 2812 communicato
2167 2748 2317 2807 inter
2361 2767 2425 2806 se
2464 2745 2712 2807 consilio

481 2857 656 2922 Polyb.
806 2854 1156 2920 statuerunt,
1201 2869 1319 2910 non
1345 2850 1654 2921 moenibus,
1682 2858 1749 2909 ut
1775 2847 1855 2908 ad
1879 2851 2013 2908 eam
2048 2845 2208 2906 diem
2236 2843 2461 2905 factmn
2496 2843 2713 2915 fuerat,

807 2943 1224 3004 continendum
1250 2948 1598 3018 exercitum,
1642 2966 1834 3026 neque
1873 2944 2233 3005 Romanos
2219 2962 2454 3025 impune
2481 2941 2719 3022 quidvis

808 3058 981 3117 agere
1007 3041 1281 3102 sinendos
1311 3064 1457 3104 esse.
1546 3042 1647 3104 Sic
1675 3041 1886 3103 animis
1912 3042 1991 3103 ad
2025 3040 2247 3102 bellum
2281 3037 2601 3119 gerendum
2627 3040 2717 3099 in·

805 3137 1003 3197 citatis
1029 3141 1323 3201 exercitus
1371 3140 1659 3201 educitur.
1747 3139 1987 3200 Interea
2024 3139 2117 3200 M.
2147 3136 2422 3217 Regulus
2445 3138 2719 3217 proxima

484 3250 607 3302 Flor.
632 3267 695 3305 ιι.
716 3257 767 3304 2.
806 3252 1059 3316 quaeque
1102 3237 1428 3318 subigendo
1469 3239 1531 3298 in
1556 3238 1708 3299 vloca
1748 3244 2112 3319 pervenerat,
2155 3255 2260 3316 per
2310 3253 2445 3314 quae
2497 3232 2717 3295 flumen

483 3347 650 3402 Zona,
812 3331 1095 3411 Bagrada
1121 3334 1374 3396 labitur:
1421 3336 1500 3397 ad
1526 3336 1686 3418 quod
1723 3344 1919 3396 castra
1951 3335 2237 3394 habentes
2272 3330 2584 3392 Romanos
2608 3332 2716 3394 im·

809 3431 1043 3509 provisa
1079 3433 1260 3513 pestis
1295 3443 1357 3494 et
1389 3434 1612 3495 damno
1657 3453 1775 3494 non
1815 3430 2122 3502 mediocri,
2168 3438 2231 3491 et
2264 3438 2481 3489 terrore
2520 3428 2717 3491 adhuc

513 3540 624 3591 Liv.
653 3540 784 3608 13th
813 3529 1035 3606 majore
1063 3531 1331 3611 perculit.
1421 3531 1859 3613 Magnitudinis
1902 3530 2058 3590 enim
2091 3535 2440 3610 portentosae
2480 3547 2721 3639 serpens

483 3620 787 3724 ¹v¹²¹¹¹·Mu
811 3635 1096 3706 aquatum
1132 3629 1426 3710 profectos
1470 3630 1689 3691 milites
1730 3628 1967 3699 invasit,
2009 3625 2341 3706 territisque
2371 3633 2436 3684 et
2468 3626 2715 3706 nequic-

488 3743 700 3790 1.8.19.
810 3743 989 3803 quam
1030 3729 1508 3808 repugnantibus,
1554 3728 1770 3788 multos
1807 3724 2058 3805 ingentis
2093 3723 2212 3784 oris
2248 3722 2416 3782 hiatu
2450 3722 2713 3784 sorbuit:

811 3820 957 3881 alios
1000 3823 1284 3903 spirarum
1333 3825 1725 3886 voluminibus
1768 3834 1832 3884 et
1889 3821 2097 3884 caudae
2142 3821 2383 3882 verbere
2433 3820 2712 3882 obtrivit:

481 3926 664 3980 orosa
671 3936 782 3982 v..s
809 3918 1162 3980 nonnullos
1147 3941 1273 4003 ipso
1299 3922 1624 4003 pestilentis
1652 3921 1872 3982 halitus
1909 3918 2112 3980 affiatu
2137 3918 2539 3979 exanimavit:
2583 3927 2711 3980 tan-

485 3993 578 4108 ἶ
558 3995 784 4110 (3521le
808 4023 1048 4096 tumque
1093 4020 1312 4097 negotii
1350 4019 1443 4080 M.
1472 4019 1715 4100 Regulo
1749 4018 2032 4080 facessere
2061 4016 2273 4098 potuit,
2312 4023 2379 4075 ut
2405 4016 2547 4076 totis
2570 4016 2711 4079 viri·

481 4130 532 4173 5.
549 4125 625 4174 Pli
608 4141 677 4174 ι.ιι
687 4142 764 4175 vn
770 4111 917 4176 ‚bus
940 4133 1075 4173 cum
1103 4136 1176 4175 eo
1200 4116 1275 4176 de
1303 4118 1658 4198 possessione
1686 4115 1870 4177 amnis
1896 4115 2073 4174 suerit
2097 4111 2518 4176 dimicandum.

482 4193 566 4304 ξ’·
577 4190 721 4307 {2¹¹-
681 4192 786 4243 ¹⁰²¹·
893 4216 991 4269 16.
1016 4210 1198 4278 Quod
1215 4213 1715 4291 ubicumjactura
1729 4213 1979 4273 militum
1999 4210 2206 4284 fiebat,
2225 4231 2415 4292 neque
2432 4211 2589 4272 vinci
2609 4223 2711 4273 aut

485 4318 555 4367 or
535 4335 660 4371 ι.ιοε
664 4327 789 4375 v.,s
809 4304 1101 4368 vulnerari
1126 4308 1305 4370 draco
1329 4319 1583 4390 poterat,
1603 4310 1910 4371 durissima
1932 4328 2306 4390 squamarum
2332 4306 2519 4370 lorica
2545 4310 2706 4391 quic-
