3025 4892
859 349 1068 397 mam
1120 348 1261 397 xx.
1306 348 1951 399 Βυνηιωικτυκ.
2354 330 2550 430 1629ι

297 487 432 550 dem
473 490 705 551 delatas
744 491 824 552 ob
847 511 921 552 ea
955 492 1349 572 querimonias
1375 501 1612 552 senatus
1644 494 1797 552 inter
1837 493 1988 553 alias
2026 512 2198 558 curas

295 588 689 667 neglig-entius
731 589 1198 650 auscultaveratss
1242 599 1534 670 postremo
1571 599 1767 650 tamen
1804 611 1940 651 cum
1967 590 2194 671 praedo-

292 704 435 744 num
463 686 719 747 audacia
736 687 1084 768 impunitate
1104 697 1414 759 cresceret,
1439 689 1876 769 crebrioresque
1891 690 2022 767 jam
2049 708 2193 768 que-

290 782 433 841 relae
477 785 867 863 pervenirent,
896 785 1084 843 visum
1124 793 1214 843 est
1246 785 1473 864 legatos
1509 786 1664 845 mitti
1693 785 1767 845 ad
1801 806 1893 846 res
1924 793 2191 866 repeten-

289 878 433 948 das;
480 880 656 939 simul
682 889 748 940 ut
780 879 1113 952 Issaeorum,
1140 882 1243 960 qui
1269 901 1454 962 nuper
1481 883 1542 942 in
1576 882 1753 942 fidem
1782 882 2189 942 Romanorum
2215 890 2331 943 Dio.
2438 889 2442 894 ’

286 986 722 1048 concesserant,
749 998 984 1037 causam
1028 987 1349 1038 tuerentur.
1436 978 1576 1039 Hos
1615 980 1772 1039 enim
1814 978 1974 1039 Ionii
2017 979 2194 1039 maris
2214 989 2384 1042 Ζοιιυ.

285 1071 543 1133 insulam
585 1075 940 1146 habitantes,
966 1076 1125 1156 quod
1168 1096 1206 1135 a
1245 1096 1306 1136 se
1345 1074 1707 1148 defecerant,
1735 1076 2010 1155 gravibus
2038 1074 2192 1136 odiis

282 1166 635 1251 damnisque
665 1170 865 1252 Illyrii
889 1174 1407 1254 prosequebantur.

365 1274 469 1327 25.
515 1268 687 1329 Missi
716 1278 851 1329 sunt
877 1269 951 1329 C.
973 1279 1034 1330 et
1055 1270 1124 1329 L.
1149 1270 1528 1331 Coruncanii.
1598 1270 1693 1331 Hi
1720 1271 1861 1331 dum
1887 1273 1949 1331 in
1978 1271 2187 1329 itinere
2212 1286 2383 1354 Polyb,

280 1372 441 1435 sunt,
471 1365 817 1446 Illyriorum
859 1368 962 1447 qui
991 1367 1246 1448 Ardyaei
1278 1378 1568 1429 vocantur
1606 1389 1713 1428 rex
1741 1368 1953 1447 Agron
1992 1367 2183 1427 Pleu·
2241 1385 2456 1451 Appiam.

281 1462 395 1521 rati
445 1461 630 1535 filius,
672 1464 748 1524 ad
798 1484 973 1544 quem
1020 1466 1209 1536 ibant,
1256 1466 1462 1525 morbo
1499 1464 1772 1536 decessit,
1815 1464 1943 1525 filio
1988 1462 2182 1523 adhuc
2208 1452 2346 1517 Inyx.

280 1557 587 1639 impubere
623 1562 747 1639 (cui
783 1581 994 1621 nomen
1033 1561 1149 1622 fuit
1190 1561 1487 1640 Pinneus)
1531 1561 1774 1622 relicto:
1823 1579 2183 1640 regnumque
2241 1579 2349 1629 Liv.
2368 1596 2509 1631 xxu.

280 1675 539 1718 noverca
588 1659 753 1738 pueri
797 1658 991 1719 Teuta
1040 1659 1302 1719 consiliis
1346 1661 1668 1719 amicorum
1712 1657 2179 1718 administrabat.
2207 1648 2332 1759 ³3³⁰<ss
2370 1712 2400 1758 b
2442 1726 2482 1761 u

280 1750 445 1813 Haec
501 1755 790 1836 impotens
834 1757 1039 1827 animi,
1083 1765 1147 1817 et
1188 1758 1362 1817 rebus
1410 1757 1702 1839 prosperis
1747 1754 1926 1825 elata,
1973 1752 2183 1832 legatis
2204 1778 2255 1824 4,
2330 1726 2365 1776 5
2404 1746 2418 1762 ”
2489 1744 2503 1760 ’

276 1845 695 1912 Romanorum
745 1854 1087 1913 contemtim
1136 1853 1375 1924 auditis,
1426 1852 1748 1934 respondit,
1806 1860 1824 1888 ‘
1852 1871 2011 1911 curae
2064 1854 2179 1913 sibi
2202 1839 2407 1955 3P⁰¹5b·
2441 1856 2503 1890 ¹¹·
2599 1893 2616 1904 -

274 1944 542 2008 futurum
583 1969 658 2009 ne
693 1947 954 2010 Romani
1001 1951 1079 2009 ab
1124 1950 1354 2031 Illyriis
1378 1951 1617 2031 publice
1645 1949 2031 2010 laederentur:
2076 1970 2176 2010 ve·
2237 1937 2253 1954 ⁹

273 2051 400 2104 tare
428 2064 572 2105 vero
598 2067 670 2106 ne
695 2047 829 2127 quis
851 2067 1088 2107 suorum
1113 2048 1390 2128 privatim
1417 2046 1644 2107 lucrum
1671 2045 1830 2128 quod
1863 2056 2060 2127 posset
2097 2067 2176 2108 ex

272 2143 419 2201 mari
450 2153 745 2223 captaret,
774 2143 836 2203 id
870 2145 1106 2223 regibus
1132 2143 1476 2225 Illyriorum
1510 2163 1885 2225 nequaquam
1913 2143 1972 2203 in
2015 2164 2175 2204 more

273 2239 529 2318 positum
563 2243 728 2302 esse?
812 2241 958 2302 Non
995 2243 1186 2302 tenuit
1211 2242 1288 2302 ad
1314 2243 1441 2302 haec
1468 2243 1614 2302 iram
1647 2243 1838 2303 minor
1867 2241 2171 2302 Corunca-

272 2337 424 2410 nius,
451 2346 518 2398 et
550 2339 959 2421 intempestiva
996 2340 1190 2421 potius
1221 2359 1402 2420 quam
1438 2339 1659 2418 injusta
1699 2339 1970 2398 libertate
2013 2358 2169 2411 usust,

273 2444 291 2469 ‘
314 2434 409 2495 At
445 2434 785 2509 Romani&
811 2437 1022 2517 inquit,
1050 2446 1068 2474 ‘
1092 2438 1154 2496 in
1190 2457 1351 2497 more
1377 2437 1634 2517 positum
1672 2444 1782 2508 est,
1807 2434 2021 2505 Teuta,
2048 2437 2170 2516 pri-

270 2533 452 2592 vatim
495 2533 688 2595 factas
720 2535 965 2613 injurias
997 2533 1236 2617 publice
1270 2535 1510 2616 exequi,
1539 2532 1808 2614 laesisque
1843 2531 2167 2593 consulere.

271 2627 640 2692 conabimur
680 2643 876 2693 autem
926 2631 1063 2692 Diis
1105 2634 1252 2693 bene
1285 2631 1641 2711 juvantibus
1683 2639 1743 2690 te
1784 2630 1860 2690 ad
1904 2631 2171 2691 instituta

267 2729 431 2805 regia
482 2729 700 2809 cupide
745 2740 808 2790 et
855 2728 1125 2791 celeriter
1168 2727 1540 2789 emendanda
1584 2728 1836 2805 cogere?
1933 2728 2172 2794 Quibus

265 2824 464 2884 verbis
508 2846 686 2908 supra
726 2826 962 2887 modum
1005 2826 1230 2887 offensa
1269 2826 1503 2896 mulier,
1544 2824 1649 2884 sed
1694 2825 1892 2884 animo
1936 2826 2165 2888 interim

266 2931 587 3004 utcumque
621 2923 1012 2994 dissimulate,
1041 2923 1251 3003 legatis
1280 2924 1412 3002 jam
1447 2921 1724 3004 profectis
1757 2921 2016 2983 latrones
2056 2925 2164 2983 im-
2197 2931 2206 2940 “

265 3020 444 3090 misit,
487 3040 527 3080 a
566 3022 781 3101 quibus
823 3022 1014 3082 minor
1053 3021 1461 3081 Coruncanius
1497 3040 1635 3080 cum
1675 3027 1844 3101 parte
1883 3021 2165 3081 comitum

265 3114 607 3179 interfectus
638 3128 760 3188 est3
812 3119 1024 3181 ceteris
1058 3120 1120 3178 in
1146 3117 1387 3179 vincula
1409 3118 1717 3196 conjectiS,
1754 3115 2166 3199 praefectisque‘
2188 3128 2357 3178 Zom.

262 3215 504 3274 navium
527 3217 661 3295 igne
680 3217 1016 3277 combustiS.
1101 3216 1358 3294 Legatus
1381 3215 1559 3275 etiam
1584 3214 1893 3275 Issaeorum
1921 3213 2159 3275 Calem-
2186 3193 2403 3325 {¹³33
2420 3199 2470 3245 ⁶·

262 3330 438 3390 porus
465 3314 699 3374 nomine
725 3314 803 3374 ab
821 3313 1029 3374 iisdem
1054 3312 1432 3394 praedonibus
1449 3313 1678 3373 occisus
1694 3321 1802 3372 est.
1874 3310 1962 3371 Iis
1988 3313 2162 3374 rebus

262 3405 480 3469 Romae
506 3412 760 3489 cognitis
782 3411 855 3471 T.
884 3410 1259 3473 Coruncanio
1285 3418 1348 3470 et
1371 3409 1452 3469 P.
1479 3407 1696 3469 Junio‘
1721 3409 1956 3469 honoris
1977 3429 2159 3471 causa
2212 3423 2341 3475 Plin.

256 3505 620 3586 tripedaneas
644 3517 853 3569 statum
879 3510 938 3569 in
965 3507 1094 3568 foro
1117 3516 1254 3568 sunt
1278 3507 1481 3588 positae
1505 3526 1520 3566 τ
1567 3506 1774 3566 Teutae
1797 3526 1939 3567 vero
1963 3515 2025 3566 et
2067 3506 2152 3567 Il·
2183 3492 2484 3619 ²1¹ssf'f33t·

258 3600 429 3683 lyriis
445 3603 669 3665 bellum
695 3605 998 3667 indictum.
2180 3635 2276 3669 xx.

318 3785 347 3821 1
383 3778 441 3826 T.
478 3778 776 3830 Coruncanio
810 3785 857 3830 et
890 3780 956 3830 P.
995 3779 1169 3845 sunio]
1243 3781 1520 3832 terfectum
1537 3779 1695 3830 fuisse
1712 3783 2047 3827 memoratum
2066 3777 2155 3841 sit,

257 3841 392 3892 Haec
416 3857 519 3893 non
552 3847 682 3894 satis
710 3845 1026 3896 conveniunt
1050 3861 1169 3896 cum
1241 3847 1442 3897 duobus
1465 3848 1625 3896 honor
1645 3844 1879 3894 habetur.
1945 3842 2048 3890 Sed
2075 3841 2153 3890 ni·

258 3908 322 3957 ils
343 3910 790 3974 qnaeinitiohujns
813 3926 927 3975 cap.
951 3925 1167 3961 nat-ran·
1240 3915 1423 3961 mirum
1477 3911 1648 3976 priore
1702 3911 1817 3959 loco
1871 3907 2151 3970 Polybium

259 3980 361 4024 tur.
430 3973 549 4023 Illic
571 3975 727 4038 legati
754 3976 997 4026 dicuntur
1027 3976 1166 4026 misni
1238 3987 1523 4039 auctorem,
1557 3976 1640 4025 bic
1664 3975 1887 4025 Plinium
1912 3973 2147 4036 sequitur

263 4038 321 4088 C·
341 4046 397 4088 et
420 4038 480 4089 1..
507 4039 847 4102 Coruncanii3
881 4042 962 4091 bic
977 4048 1164 4091 statum
1238 4041 1640 4095 Freinshemius,
1676 4055 1772 4090 nec
1811 4039 1938 4089 satis
1977 4045 2150 4087 atten-

261 4105 442 4166 positoe
479 4119 594 4154 esse
650 4108 710 4155 Τ.
745 4107 1069 4157 Coruncanio
1109 4114 1165 4157 et
1235 4108 1314 4158 dit
1364 4108 1476 4158 illos
1528 4108 1668 4157 inter
1720 4120 1777 4156 se
1829 4104 2149 4168 discrepare.

263 4168 323 4219 P.
344 4169 536 4230 Junio;
572 4177 629 4220 et
663 4185 778 4222 cum
819 4187 974 4221 unum
1004 4187 1069 4222 ex
1092 4173 1166 4222 le-
1240 4175 1380 4224 Creo.

261 4235 388 4299 'atis
412 4236 663 4288 minorem
692 4237 1066 4291 Coruncanium
1087 4239 1166 4288 in-
