3025 4892
1060 377 1205 425 mn.
1254 370 1483 425 xxiv.
1529 376 1692 428 car.
1736 360 1845 426 16.
2372 360 2547 429 2013

349 514 739 598 Poenorum,
771 514 1015 586 deinde
1046 522 1235 604 signa
1264 522 1672 607 perturbata,
1700 530 2040 607 postremo
2064 520 2213 587 'tota
2251 522 2548 607 impulsa

349 625 572 704 acies3
619 622 772 688 inde
809 624 990 688 haud
1042 623 1246 688 dubie
1294 631 1479 707 terga
1525 624 1710 701 data,
1757 631 2075 709 ruuntque
2118 625 2435 708 fugientes
2478 626 2548 689 in

350 733 604 806 castra,
635 726 804 792 adeo
835 727 1063 810 pavidi
1105 729 1507 814 trepidique,
1541 736 1612 793 ut
1639 749 1724 793 ne
1767 732 1837 793 in
1879 730 2092 817 portis
2123 729 2392 812 quidem
2426 734 2547 791 aut

349 830 534 895 vallo
566 831 920 915 qnisquam
960 832 1288 909 restiterit,
1314 851 1394 895 ac
1422 851 1634 916 prope
1681 833 2052 897 continenti
2097 833 2355 914 agmine
2400 830 2546 897 Ro-

348 937 532 999 mani
563 936 874 1013 insecuti,
907 953 1153 999 novum
1193 934 1278 999 de
1311 936 1563 1019 integro
1597 937 1924 1021 praelium,
1952 936 2202 1001 inclusi
2243 935 2544 999 hostium

345 1038 557 1116 vallo,
589 1036 944 1102 ediderint.
1016 1036 1152 1116 Ibi,
1183 1038 1362 1102 sicut
1391 1057 1617 1121 pugna
1639 1039 2061 1123 impeditior³
2093 1041 2159 1102 in
2191 1039 2545 1120 angustiiS,

347 1136 447 1204 ita
495 1139 722 1204 caedes
773 1138 1063 1204 atrocior
1113 1138 1275 1204 fuit:
1337 1146 1404 1204 et
1455 1141 1775 1225 adjuvere
1822 1142 2099 1226 captivi,
2149 1141 2289 1225 qui,
2345 1147 2547 1223 rapto

346 1243 521 1307 inter
576 1245 937 1307 tumultum
984 1242 1185 1320 ferro,
1237 1243 1620 1324 conglobati
1674 1251 1746 1308 et
1790 1245 1879 1309 ab
1925 1252 2115 1327 tergo
2168 1241 2551 1308 ceciderunt

349 1342 635 1425 Poenos,
665 1354 736 1410 et
775 1346 1006 1428 fugam
1053 1345 1521 1429 impedierunt.
1612 1345 1859 1432 ltaque
1900 1345 2122 1411 minus
2169 1345 2306 1410 duo
2336 1345 2549 1409 millia

347 1446 687 1513 hominnm
716 1468 806 1512 ex
837 1454 1025 1514 tanto
1059 1449 1385 1523 exercitu,
1406 1455 1475 1512 et
1498 1467 1583 1512 ea
1605 1447 1819 1533 major
1843 1467 1998 1532 pars
2020 1449 2376 1532 equitum‚4
2395 1467 2552 1512 cnm

346 1551 509 1634 ipso
533 1551 706 1617 duce
735 1552 1138 1635 effugerunt:
1184 1550 1300 1615 alii
1344 1570 1575 1615 omnes
1605 1552 1769 1616 caesi
1795 1561 1917 1615 aut
1942 1552 2150 1636 capti.
2237 1549 2457 1634 Capta
2484 1560 2553 1615 et

346 1657 545 1738 signa
572 1656 1255 1741 duodequadraginta.
1345 1655 1457 1719 Ex
1498 1656 1869 1721 victoribus
1912 1656 2049 1721 duo
2100 1654 2310 1723 millia
2342 1656 2552 1720 ferme

347 1758 669 1825 cecidere.
753 1759 1002 1824 Praeda
1035 1760 1250 1824 omnis
1292 1761 1771 1844 (praeterquam
1800 1759 2141 1825 hominnm
2172 1752 2556 1842 captorum)

346 1862 548 1928 militi
573 1882 903 1928 concessa
933 1869 1078 1930 est:
1124 1868 1194 1928 et
1219 1883 1423 1946 pecus
1449 1869 1811 1947 exceptum
1837 1868 1994 1942 est,⁸
2017 1862 2198 1948 quod
2216 1863 2386 1927 intra
2408 1861 2554 1927 dies

348 1964 629 2047 triginta
658 1966 916 2030 domini
948 1966 1445 2047 cognovissent.
1513 1966 1685 2033 Cum
1718 1967 1948 2051 praeda
1979 1967 2201 2031 onusti
2231 1967 2300 2029 in
2333 1971 2556 2030 castra

348 2066 705 2148 redissent,
736 2076 1031 2154 quatuor
1058 2069 1275 2134 millia
1303 2070 1508 2135 ferme
1539 2069 1853 2136 volonum
1885 2069 2193 2146 militnm,
2234 2069 2353 2152 qui
2385 2086 2552 2151 pug-

348 2178 670 2236 naverant
721 2174 1014 2254 segnius,
1056 2190 1180 2238 nec
1235 2174 1305 2237 in
1365 2166 1594 2238 castra
1649 2173 2024 2257 irruperant
2085 2171 2310 2249 simul,
2373 2176 2555 2235 metu

347 2288 577 2358 poenae
607 2274 848 2339 collem
876 2273 1060 2339 haud
1106 2276 1343 2359 procul
1389 2275 1633 2340 castris
1672 2278 2012 2358 ceperunt.
2101 2273 2395 2338 Postero
2443 2272 2555 2337 die

356 2392 487 2460 per
514 2377 820 2443 tribunos
840 2385 863 2426 ⁵
894 2378 1178 2444 militum
1209 2379 1363 2444 inde
1399 2378 1694 2456 deducti,
1724 2377 2048 2443 concione
2078 2377 2364 2441 militum
2385 2372 2414 2415 ⁶
2445 2374 2560 2440 ad·

352 2486 599 2544 vocata
632 2498 673 2543 a
715 2479 1055 2557 Graccho,
1086 2479 1591 2563 superveniunt.
1680 2478 1822 2545 Ubi
1857 2498 2007 2544 cum
2047 2478 2410 2563 proconsul
2441 2497 2557 2543 ve·

350 2587 536 2646 teres
578 2582 824 2648 milites
870 2584 1182 2666 primum,
1215 2586 1414 2666 prout
1452 2582 1780 2667 cujusque
1826 2582 2042 2646 virtus
2089 2586 2319 2665 atque·
2348 2598 2557 2663 opera

350 2676 425 2749 in
452 2703 537 2749 ea
567 2704 793 2769 pugna
836 2683 1079 2762 fuerat,
1125 2686 1530 2750 militaribus
1560 2685 1762 2750 donis
1792 2684 2134 2762 donasset,
2158 2694 2338 2761 tnnc,
2369 2683 2555 2767 qnod

352 2786 444 2852 ad
484 2788 765 2853 volones
813 2789 1142 2866 attineret,
1194 2786 1513 2867 ‘omnes,'
1564 2789 1681 2866 ait,
1729 2793 1749 2823 ‘
1774 2788 1972 2853 malle
2009 2786 2321 2852 laudatos
2363 2807 2407 2851 a.
2454 2807 2555 2866 se,

356 2888 598 2973 dignos
651 2889 1116 2976 indignosque,
1163 2910 1365 2975 quam
1390 2897 1416 2939 ⁷
1467 2909 1848 2975 quenquam
1893 2910 1977 2955 eo
2009 2889 2120 2954 die
2153 2891 2557 2972 castigatum

352 3011 529 3057 esse.
602 2991 809 3071 Quod
841 2993 1111 3070 bonum,
1141 2993 1456 3072 faustum,
1477 2993 1787 3078 felixque
1811 2994 1905 3058 rei
1928 2994 2226 3077 publicae
2249 2994 2557 3077 ipsisque

351 3106 555 3171 esset,
576 3116 806 3160 omnes
829 3115 951 3160 eos
974 3095 1221 3161 liberos
1252 3114 1402 3160 esse
1420 3093 1713 3179 jubere!
1757 3094 1869 3160 Ad
1902 3115 2100 3180 qnam
2132 3115 2370 3162 vocem
2401 3115 2556 3160 cum

354 3198 608 3264 clamor
638 3198 882 3282 ingenti
920 3198 1270 3265 alacritate
1309 3199 1609 3265 sublatus
1648 3207 1854 3280 esset,
1900 3219 1983 3266 ac
2010 3219 2190 3265 nunc
2214 3198 2557 3284 complexi

1277 3398 1482 3419 ‘mou
1491 3398 1640 3419 ‘OOOO

420 3537 452 3583 2
498 3532 518 3560 ⁶
539 3533 850 3597 conjunctio
870 3539 1012 3598 atque
1036 3548 1066 3584 a
1089 3534 1354 3599 plerisque
1375 3535 1507 3584 Mes.
1532 3534 1703 3595 abest,
1739 3547 1838 3598 qna
1862 3531 2056 3597 deleta,
2083 3530 2334 3582 Gronovii
2357 3531 2559 3596 conjec-

354 3604 478 3649 tura
502 3600 676 3662 recepi
705 3606 879 3662 posset
904 3616 917 3648 z
953 3615 1048 3649 vox
1068 3599 1143 3648 ira
1165 3601 1345 3649 animoa
1364 3599 1612 3650 accendit!
1645 3600 1841 3649 Stroth.
1908 3597 2030 3647 Vid.
2064 3598 2189 3647 Not.
2212 3597 2437 3647 Van—3
2477 3596 2560 3646 In-

350 3665 619 3728 expeditior
664 3664 788 3714 Mas.
827 3665 1127 3727 σιωπή-4
1164 3665 1315 3727 Conj,
1350 3665 1405 3716 J.
1441 3666 1501 3715 F.
1535 3665 1766 3715 Gronov.
1792 3662 2085 3727 equitem-5
2124 3661 2382 3711 Tribunum
2403 3662 2559 3712 Grnt.

352 3729 587 3779 Gronov.
631 3730 842 3793 Doujat.
878 3730 1215 3780 Crevier.--6
1248 3731 1264 3758 ‘
1292 3731 1563 3780 Posterius
1584 3730 1791 3780 utilitum
1811 3730 2078 3778 abundare
2104 3726 2327 3788 videtur,
2351 3741 2445 3777 nec
2468 3742 2557 3790 ag-

355 3804 580 3844 noscunt
603 3796 785 3859 scripti
812 3793 1051 3860 quidam-³
1084 3796 1140 3845 J.
1160 3796 1223 3845 F.
1250 3795 1463 3846 Gronov.
1530 3794 1695 3847 Abest
1717 3810 1746 3845 a
1767 3794 2092 3844 Crevier.-''1
2117 3792 2367 3844 cantabr.
2389 3794 2560 3855 dignu

1359 3960 1575 4012 NOTAE

418 4062 441 4088 ⁸
471 4054 540 4103 Et
567 4068 708 4117 pecu
734 4059 983 4118 exceptum
1005 4054 1102 4118 est]
1137 4056 1216 4105 Ex
1242 4057 1423 4121 praeda
1501 4056 1710 4123 quidem
1746 4054 1934 4109 omnia,
1964 4051 2054 4101 sed
2095 4067 2231 4117 quae,
2261 4066 2374 4100 cum
2408 4059 2561 4113 rapta
2632 4064 2643 4083 ·

352 4146 473 4199 qua
520 4133 572 4181 in
611 4133 845 4184 exercitu
889 4132 1168 4181 Poenorurn
1212 4143 1421 4198 reperta
1500 4139 1678 4183 essent
1708 4146 1774 4181 ex
1808 4130 1986 4179 vicinis
2015 4129 2170 4193 agris,
2192 4141 2561 4192 cognosceren-

352 4208 606 4260 miiitibns
650 4208 1054 4265 concedebatur,
1094 4211 1267 4275 excipi
1309 4213 1420 4276 pla·
1502 4217 1588 4260 tur
1610 4225 1640 4259 a
1662 4207 1879 4259 dominis
1897 4207 2035 4257 intra
2057 4218 2305 4291 mensem.

353 4285 468 4337 cuit
500 4291 610 4336 tum
643 4286 902 4350 captivos,
937 4292 1045 4335 tum
1070 4298 1278 4351 pecore,
1317 4302 1420 4338 non
