3025 4892
900 368 1105 418 msm
1158 368 1304 418 xx.
1344 368 1696 419 surrnsn
1713 370 2000 421 aurun.
2385 353 2562 422 lom

328 513 471 576 veni
533 533 611 574 ue
634 510 843 573 eodem
869 512 941 573 L.
971 512 1339 584 Postumius,
1360 514 1463 594 qui
1492 513 1808 575 Brundisio
1827 516 2231 595 transjecerat,

327 631 466 672 cnm
510 609 879 692 pedestribus
915 610 1135 691 copiis:
1180 611 1447 691 peditum
1489 611 1567 671 ad
1603 612 1810 691 viginti
1833 611 2025 673 millia
2043 621 2235 684 erant,

327 709 597 789 equitum
635 707 774 768 duo.
878 706 1187 770 Romanos
1230 706 1641 789 Apolloniatoe
1684 709 1899 790 cupide
1939 730 2233 791 recepere,

328 826 511 885 seque
535 804 677 866 fidei
704 804 939 866 illorum
962 804 1282 866 tradidere.
1364 804 1474 866 Ab
1500 806 1616 866 hac
1644 805 1894 867 liberata
1929 807 2128 867 stafim
2157 806 2236 866 ad

332 901 781 983 Dyrrhachium
820 902 987 963 itum.
1073 901 1150 963 Id
1194 922 1433 983 quoque
1480 901 1891 964 Romanorum
1933 901 2235 985 extemplo

328 1001 581 1073 factum,
616 1000 693 1062 ad
730 1000 953 1063 famam
991 1002 1358 1063 advenientis
1401 1002 1700 1062 exercitus
1734 1001 1982 1083 dilapsis
2016 1021 2234 1082 pavore

331 1097 585 1180 Illyriis,
619 1100 726 1180 qui
760 1098 1032 1160 obsidere
1080 1100 1286 1160 urbem
1329 1108 1645 1180 coeperant.
1731 1097 1962 1159 Eodem
2008 1100 2233 1180 impetu
2259 1099 2273 1113 “

326 1215 474 1275 gens
513 1195 913 1276 Ardyoeorum
937 1195 1017 1257 ad
1041 1195 1403 1257 deditionem
1428 1204 1642 1256 coacta
1664 1205 1786 1256 est:
1830 1205 2233 1276 veneruntque

320 1294 409 1353 ab
450 1293 727 1354 ulteriore
764 1291 1018 1374 Illyrico
1051 1293 1232 1374 legati
1259 1294 1554 1354 variarum
1591 1294 1918 1364 nationum,
1945 1294 2236 1375 imperata

263 1429 297 1458 x.
326 1389 591 1452 factriros
607 1411 744 1452 suos
766 1390 1041 1473 polliciti,
1060 1392 1110 1451 si
1136 1391 1198 1451 in
1224 1390 1550 1452 amicitiam
1569 1391 1954 1471 recipientur:
1998 1409 2076 1450 ex
2097 1390 2230 1470 qui-

323 1487 441 1547 bus
484 1485 764 1548 Parthini
807 1487 1069 1560 fuerunt,
1103 1497 1168 1549 et
1206 1487 1548 1548 Atintanes.
1632 1487 1943 1547 Plurimus
1985 1486 2064 1549 ad
2102 1487 2232 1546 boec
2289 1507 2505 1576 Λρρῑω,

328 1604 468 1646 usus
495 1583 784 1646 Demetrii
810 1585 1026 1648 Pharii
1051 1585 1186 1657 fuit,
1211 1584 1317 1666 qui
1343 1605 1381 1644 a
1405 1583 1749 1645 consulibus
1769 1583 2230 1655 circumductus,
2255 1571 2390 1688 1¹2¹&ss

324 1668 507 1742 robur
550 1691 612 1742 et
650 1681 830 1743 fidem
866 1682 1277 1744 Romanorum
1314 1681 1681 1752 extollendo,
1708 1680 2032 1763 Teutaeque
2069 1683 2231 1742 incu-
2254 1656 2456 1771 Poiffln
2484 1649 2537 1690 ἰ

322 1778 515 1840 cando
556 1782 947 1842 temeritatem
991 1791 1054 1843 et
1093 1780 1569 1850 inconstantiam,
1616 1778 1765 1839 alios
1806 1778 2129 1839 rationibus
2172 1788 2234 1839 et

324 1877 599 1950 consilio,
620 1876 771 1939 alios
808 1879 1159 1940 aacuuitate
1195 1898 1307 1939 sua
1339 1875 1418 1939 ad
1452 1877 1796 1938 societatem
1823 1874 2232 1937 Romanorum

326 1972 686 2036 adducebat.

408 2077 513 2133 29.
554 2072 711 2133 Post
743 2073 873 2135 bec
909 2072 989 2134 ad
1017 2073 1209 2135 Imm
1233 2093 1437 2134 cursus
1468 2072 1799 2131 institutus:
1845 2079 1909 2132 et
1935 2072 2085 2132 inter
2125 2090 2229 2132 na·

327 2169 653 2248 rigandum
686 2170 889 2232 multis
920 2172 1069 2234 locis
1090 2172 1469 2232 exscensione
1493 2169 1677 2239 facta,
1704 2168 1987 2249 pleraque
2010 2168 2232 2251 oppida

328 2266 447 2327 levi
490 2269 727 2347 nogotio
758 2278 941 2350 capta
975 2276 1127 2330 sunt.
1212 2266 1442 2328 Nutria
1475 2278 1708 2327 strenue
1744 2267 1821 2326 ab
1859 2264 2088 2347 Illyriis
2124 2266 2228 2326 de-

316 2361 496 2424 'fensa
537 2373 650 2436 est,
696 2365 999 2447 multoque
1042 2367 1324 2446 sanguine
1365 2364 1631 2427 constitit
1666 2363 1936 2435 victoria,
1977 2363 2232 2424 tribunis

322 2462 510 2521 etiam
535 2462 912 2542 quibusdam,
939 2472 1001 2523 et
1025 2472 1312 2544 quaestore
1342 2459 1705 2521 desideratis.
1787 2459 1981 2540 Cujus
2017 2461 2104 2522 rei
2144 2459 2227 2519 le-

326 2560 552 2618 viorem
588 2557 853 2620 dolorem
891 2559 1160 2622 fecerunt
1198 2559 1380 2620 lembi
1420 2558 1653 2637 viginti,
1685 2577 1832 2637 quos
1863 2577 2001 2617 cum
2032 2555 2234 2638 prada

324 2665 390 2716 et
431 2658 685 2737 pecunia
724 2677 802 2718 ex
843 2656 1263 2741 Peloponneso
1296 2657 1598 2718 venientes
1633 2654 1898 2715 Romani
1924 2674 2229 2734 excepere.
2255 2675 2369 2728 Dio.

324 2751 469 2813 Jam
506 2753 585 2813 ad
627 2753 817 2816 Issam
841 2764 1079 2830 ventum
1105 2764 1253 2816 erat.
1339 2752 1464 2824 Ibi,
1490 2751 1734 2833 perinde
1759 2750 1929 2840 utxad
1960 2750 2231 2832 Dyrrha·
2253 2775 2505 2844 Polybiuu.

324 2851 528 2911 chium
571 2851 892 2923 acciderat,
918 2850 1175 2913 adventu
1218 2851 1512 2913 Romanae
1546 2849 1750 2910 classis
1783 2848 2015 2912 obsidio
2038 2847 2235 2908 soluta

326 2958 439 3019 est,
457 2947 695 3010 diversa
728 2950 787 3010 in
831 2948 965 3010 loca
1005 2948 1455 3030 diffugientibus
1484 2947 1776 3020 barbaris,
1809 2956 2021 3027 praeter
2060 2945 2230 3007 Pha-

327 3047 467 3118 rios,
510 3049 616 3126 qui
666 3048 727 3107 in
779 3047 1030 3127 gratiam
1076 3047 1393 3132 Demetrii,
1438 3047 1603 3129 quod
1648 3067 1726 3108 ex
1777 3047 1987 3108 eadem
2040 3044 2233 3107 insula

326 3153 511 3216 ortus,
536 3145 712 3225 eique
746 3146 856 3205 sub
894 3143 1141 3225 Agrone
1175 3146 1489 3228 praefectus
1521 3144 1737 3215 fuerat,
1767 3143 2110 3226 corporibus
2140 3163 2231 3203 re-

330 3245 558 3324 busque
599 3243 778 3305 salv‘u
816 3243 877 3305 in
904 3242 1081 3305 fidem
1108 3245 1340 3327 accepti
1363 3253 1518 3305 sunt.
1604 3241 1765 3303 Haec
1804 3241 2013 3304 audita
2046 3242 2228 3303 insta-

326 3341 512 3402 bilem
553 3339 761 3402 Teutae
806 3342 1067 3403 animum
1111 3343 1274 3403 varie
1316 3349 1644 3412 moverunt,
1688 3338 2112 3400 alternantibus
2154 3337 2229 3397 ti·

329 3438 508 3499 moris
557 3447 620 3498 et
669 3438 902 3500 fiduciae
953 3441 1166 3500 causis.
1250 3438 1421 3500 Nam
1471 3438 1625 3498 sicut
1669 3438 1883 3496 amissa
1926 3444 1988 3496 et
2030 3433 2231 3494 deleta

327 3536 575 3618 oppida,
602 3543 850 3596 vastatae
888 3536 1195 3596 maritimae
1236 3538 1520 3616 regiones,
1552 3534 1743 3594 ubivis
1777 3532 1998 3612 fugatae
2025 3530 2228 3612 Illyri·
2282 3545 2514 3599 Oromv.

328 3653 495 3693 orum
519 3633 732 3713 copie,
758 3641 978 3693 metum
1004 3633 1060 3694 ei
1084 3634 1407 3694 maximum
1434 3632 1822 3699 incusseranu
1868 3631 1954 3689 ita
1972 3629 2086 3689 vic'
2152 3628 2165 3641 ’
2253 3615 2335 3665 ¹³·

326 3749 491 3812 spem
517 3730 705 3789 dabat
729 3728 1120 3791 Nutrinorum
1147 3730 1418 3802 audacia,
1446 3738 1507 3789 et
1531 3729 1858 3809 hybernum
1872 3728 2004 3805 jam
2045 3744 2227 3795 mare,
2250 3754 2367 3806 Dio.

330 3829 501 3906 cujus
539 3826 853 3887 formidine
881 3829 1119 3888 rebatur
1145 3827 1453 3891 Romanos
1478 3827 1599 3887 cito
1625 3823 1970 3905 repetituros
1991 3821 2224 3881 domum

331 3942 472 3982 esse.
560 3921 778 4003 Itaque
819 3922 1154 3984 Rhizonem
1196 3924 1474 4006 oppidum
1520 3920 1849 4001 cognomini
1894 3917 2072 3978 fluvio
2119 3917 2226 3978 im·
2247 3946 2421 4014 Polyb.

333 4021 586 4100 positum
630 4040 764 4082 cum
807 4021 1011 4101 paucis
1051 4042 1115 4082 se
1158 4021 1429 4096 contidit,
1475 4029 1861 4103 expectatura
1910 4016 2228 4078 remedium

334 4117 491 4197 quod
536 4127 769 4198 tempus
805 4117 1057 4180 offerret.
1149 4118 1422 4181 Alebant
1458 4138 1677 4181 vanam
1724 4116 2054 4198 opinionem
2096 4122 2231 4174 acta

336 4213 658 4286 consulum,
693 4214 818 4295 qui,
856 4215 1137 4297 pleraque
1168 4226 1336 4300 parte
1376 4218 1676 4297 regionum
1712 4233 1865 4296 quas
1903 4229 2227 4292 occupave-
