3025 4892
1055 356 1201 405 ms.
1247 354 1476 405 xx1v.
1523 354 1689 404 on.
1732 339 1840 404 10.
2341 340 2519 406 2⁰⁰5

313 506 661 589 proeesset.
728 500 816 566 P.
846 500 1156 568 Cornelio
1188 501 1474 567 Lentulo
1497 501 1775 586 praetori
1802 499 2037 567 Sicilia
2065 501 2332 568 decreta
2361 523 2516 587 pro-

312 607 582 687 vincia3
625 604 710 670 Τ.
744 603 1037 670 Otacilio
1064 604 1313 671 classis
1344 604 1607 685 eadem,
1640 625 1841 691 quam
1871 605 2196 670 adversus
2231 603 2512 672 Cartha-

313 711 651 793 ginienses
688 709 903 793 priore
937 728 1118 774 anno
1163 707 1538 774 habuisset.
1628 708 1949 792 Prodigia
1978 727 2064 773 eo
2096 728 2272 773 anno
2303 709 2516 776 multa

311 813 626 879 nuntiata
662 820 837 878 sunt.
891 811 1103 891 -Quae
1155 832 1288 896 quo
1342 813 1559 894 magis
1589 810 1950 877 credebant
1997 812 2382 895 simplices*
2432 832 2515 880 ac

307 917 608 1001 religiosi
644 916 972 996 homineS,
1021 936 1105 981 eo
1155 916 1351 1000 plura
1393 917 1917 981 nuntiabantur:
1941 922 1991 964 ¹5
2036 915 2325 981 Lanuvii
2373 917 2443 981 in
2464 914 2515 957 ¹⁶

311 1020 467 1085 sede
486 1020 670 1085 intus
695 1019 990 1103 Sospitae
1012 1018 1307 1084 Junonis
1324 1037 1569 1084 corvos
1591 1019 1821 1115 nidum
1844 1019 2094 1085 iecisse
2124 1041 2141 1086 z
2169 1021 2239 1084 in
2262 1019 2518 1105 Apulia

309 1123 608 1207 palmam
639 1122 918 1189 viridem
961 1123 1251 1189 arsisse:
1297 1122 1610 1188 Mantuae
1655 1129 1965 1206 stagnum
2005 1123 2288 1189 effusum
2336 1123 2517 1189 Min-

311 1227 423 1291 cio
454 1226 632 1291 amni
665 1233 1009 1291 cruentum
1040 1228 1299 1292 visum:
1360 1233 1432 1291 et
1478 1224 1763 1291 Calibus
1811 1195 2011 1302 cretff,
2043 1234 2111 1292 et
2154 1226 2401 1293 Romae
2445 1227 2517 1292 in

311 1328 460 1410 foro
493 1328 725 1394 boario
748 1329 1070 1412 sanguine
1099 1332 1395 1414 pluisse:
1418 1334 1463 1380 ¹⁷
1510 1337 1585 1394 et
1606 1331 1670 1394 in
1696 1331 1849 1397 vico
1876 1329 2124 1396 Istrico
2145 1330 2194 1370 ¹⁸
2214 1340 2242 1368 ⁸
2272 1330 2514 1395 sontem

309 1433 440 1498 sub
471 1437 646 1497 terra
689 1439 880 1498 tauta
919 1433 988 1498 vi
1035 1453 1365 1518 aquarum
1411 1433 1716 1510 fluxisse,
1759 1441 1838 1498 ut
1886 1433 2099 1498 serias
2149 1430 2518 1517 doliaque?

311 1555 470 1620 quoe
503 1536 574 1600 in
606 1556 690 1602 eo
714 1537 876 1602 loco
924 1546 1132 1618 erant,
1164 1537 1522 1623 provoluta
1560 1537 1749 1602 velut
1792 1536 2086 1620 impetus
2107 1544 2161 1587 ¹⁹
2201 1536 2514 1602 torrentis

307 1639 573 1705 tulerit:
621 1645 809 1705 tacta
837 1640 920 1705 de
950 1641 1127 1706 coelo
1158 1642 1396 1706 atrium
1426 1638 1773 1723 publicum
1802 1638 1870 1702 in
1901 1636 2269 1721 Capitolio,
2300 1637 2516 1705 aedem

308 1741 380 1807 in
409 1762 653 1827 campo
681 1740 1000 1822 Vulcani,
1028 1763 1249 1808 arcem
1292 1743 1360 1808 in
1405 1742 1677 1808 Sabinis
1703 1749 1760 1779 *ο
1804 1739 2281 1826 publicamque
2312 1744 2516 1823 viam,

307 1863 572 1909 murum
624 1864 708 1909 ac
763 1852 1029 1928 portam
1086 1843 1357 1911 Gabiis.
1441 1843 1489 1909 J
1494 1863 1607 1909 am
1666 1844 1801 1909 alia
1859 1844 2137 1926 vulgata
2188 1845 2517 1912 miracula

313 1955 538 2011 erant:
582 1946 845 2012 hastam
897 1945 1143 2012 Martis
1198 1946 1553 2012 Praeneste
1613 1965 1740 2011 sua
1796 1954 2039 2030 sponte
2095 1954 2513 2032 promotam:

308 2052 552 2116 bovem
611 2051 679 2114 in
733 2048 975 2114 Sicilia
1029 2048 1370 2115 locutumz
1433 2050 1758 2115 infantem
1813 2051 1885 2114 in
1931 2054 2117 2115 utero
2170 2051 2401 2115 matris
2446 2051 2514 2115 in

312 2152 743 2226 MarruciniS,
797 2155 817 2184 ‘
847 2152 928 2217 Io
959 2152 1285 2236 triumphe
1304 2149 1342 2217 !'
1386 2153 1762 2218 clamasse:
1815 2172 1907 2216 ex
1936 2152 2218 2217 muliere
2244 2153 2518 2235 Spoleti

308 2256 524 2320 virum
554 2254 845 2320 factum:
892 2249 1181 2319 Hadriae
1212 2273 1396 2320 aram
1425 2256 1492 2319 in
1528 2254 1709 2320 coelo
1748 2256 2145 2339 speciesque
2172 2253 2514 2321 hominum

308 2359 568 2424 circum
596 2378 769 2437 eam,
799 2377 954 2423 cum
983 2357 1273 2425 candida
1301 2366 1516 2436 veste,
1548 2359 1734 2424 visas
1774 2377 1949 2424 esse.
2038 2356 2221 2436 Quin
2271 2358 2513 2426 Romae

1236 2556 1604 2580 000000000000

304 2692 365 2744 J·
410 2691 471 2741 F.
516 2686 879 2744 Gronov—14
913 2692 1052 2742 Olim
1091 2693 1367 2756 Prepraetor
1407 2693 1471 2750 Q.
1517 2693 1781 2743 Mum—16
1816 2691 1906 2743 Al.
1945 2707 1999 2741 eo
2040 2691 2186 2742 etiam
2223 2692 2360 2755 plura
2400 2706 2518 2740 n.—

308 2761 377 2807 16
403 2763 416 2784 ¹
439 2757 568 2805 Cum
603 2758 853 2807 salmasio
884 2764 941 2807 et
974 2756 1240 2807 Gronovio
1281 2757 1552 2807 delendam
1592 2772 1780 2808 censeo
1815 2758 2233 2822 praepositionem
2255 2757 2325 2816 in,
2346 2765 2515 2809 ortam

309 2822 397 2871 vel
424 2835 489 2870 ex
516 2824 791 2885 postremis
818 2823 980 2872 literis
1000 2823 1089 2873 τοῦ
1112 2822 1340 2886 Lanuvii,
1373 2824 1454 2873 vel
1493 2838 1560 2872 ex
1599 2823 1809 2873 insciti·
1847 2823 2193 2879 librariorum.
2216 2822 2302 2886 qni
2328 2821 2516 2873 ablati·

305 2901 431 2937 vum
451 2885 518 2936 ab
540 2887 674 2937 intus
696 2887 809 2950 regi
834 2887 1171 2939 nesciebam:
1204 2888 1523 2939 Stroth—17
1559 2888 1683 2938 Put.
1719 2889 1771 2939 in
1792 2888 1907 2949 soro
1943 2887 2134 2938 bouario
2161 2888 2395 2950 sunguine
2410 2890 2523 2952 plu·

303 2954 584 3002 vinee-18
619 2952 682 3002 ln
715 2954 925 3016 optimis
966 2953 1090 3003 Mn.
1126 2953 1326 3013 Insteio,
1362 2953 1417 3003 in
1455 2953 1573 3003 aliis
1610 2952 1822 3016 lungo.
1854 2953 1909 3005 J.
1932 2952 1992 3003 F.
2021 2951 2255 3003 Gronov.
2293 2954 2427 3018 conj.
2464 2955 2518 3004 in

304 3019 415 3067 vieo
441 3016 607 3073 ’ἡκ-ο,
629 3025 685 3066 et
707 3018 928 3081 Donjst.
950 3018 1003 3067 ὅιι
1021 3019 1124 3067 wico
1152 3018 1503 3069 Uarium—19
1535 3018 1774 3070 Malebat
1809 3018 1864 3070 J.
1907 3018 1968 3067 1³¹.
2001 3017 2235 3068 Gronov.
2259 3017 2519 3082 inpetu.—

308 3087 378 3133 2⁰
409 3090 424 3111 ⁸
446 3082 615 3132 AEdem
646 3083 847 3134 Vulcani
867 3084 918 3132 in
939 3099 1099 3148 campo
1123 3083 1335 3141 Martio,
1358 3088 1407 3134 el
1429 3099 1585 3133 arcem
1606 3084 1658 3134 in
1682 3083 1881 3133 Sabinis
1896 3098 1913 3133 .·
1948 3083 2022 3132 ita
2040 3081 2176 3132 Edd.
2202 3083 2367 3147 princ.
2394 3098 2518 3148 qua-

309 3162 428 3198 rum
452 3147 815 3198 auctoritatem
839 3156 1046 3200 secutus
1068 3163 1210 3200 tuma
1249 3163 1406 3199 vocem
1427 3148 1562 3199 Mes.
1623 3164 1787 3200 nucem
1812 3147 1945 3199 Edd.
1966 3148 2201 3213 plurime
2225 3162 2291 3198 ex
2315 3150 2519 3200 emend.

1316 3289 1365 3343 N
1375 3290 1536 3342 0⁹1*AE

379 3411 403 3458 t
457 3403 565 3458 Quo
612 3404 770 3466 magu
817 3405 1071 3456 credebant
1120 3405 1381 3471 simplices]
1452 3406 1680 3471 regionis
1703 3407 1854 3457 vico?
1918 3406 2022 3458 Sed
2047 3408 2162 3457 hec
2182 3406 2442 3458 remotior.

311 3480 590 3545 Nunquam
641 3481 848 3545 desunt,
898 3484 985 3550 qui
1040 3498 1105 3533 ea
1148 3491 1382 3548 narrent,
1517 3483 1542 3518 δ
1583 3484 1653 3534 Ut
1672 3486 1822 3534 serias
1840 3482 2081 3547 doliaque]
2116 3483 2287 3547 Msjiis
2320 3498 2410 3533 vas
2433 3482 2520 3533 fic·

311 3572 430 3623 qnae
477 3558 702 3609 libenter
743 3559 1022 3611 audiuntur
1058 3566 1117 3609 et
1158 3558 1381 3609 credulis
1454 3560 1547 3610 tile
1571 3559 1667 3611 fuit
1688 3561 1833 3618 ceria,
1871 3561 2219 3623 capaciusque
2249 3558 2415 3611 culleo
2451 3560 2522 3608 vi-

310 3637 525 3685 auribus
571 3637 919 3701 excipiuntur.
1002 3637 1142 3687 Hine
1178 3651 1382 3703 quoqne
1454 3636 1586 3699 giuti
1610 3636 1879 3698 amphoras
1898 3635 2218 3685 continente.
2283 3635 2363 3684 Ex
2387 3634 2447 3683 ii·
2467 3634 2520 3685 in

307 3712 479 3778 liquet
509 3727 611 3763 uon
648 3721 753 3764 tam
796 3713 1067 3764 credulum
1098 3713 1257 3764 fuisse
1289 3713 1377 3763 Li·
1447 3711 1551 3761 alia
1574 3712 1772 3761 minora
1794 3726 1920 3760 vasa
1947 3707 2167 3760 diffundi
2191 3709 2362 3759 vinum
2387 3712 2520 3761 sole·

310 3788 472 3844 vium,
496 3803 646 3852 quam
670 3789 876 3840 videtur
899 3790 959 3840 iis
981 3791 1069 3856 qui
1100 3798 1183 3842 tot
1204 3789 1379 3854 prodi·
1450 3788 1544 3839 bat
1563 3788 1627 3838 ed
1655 3797 1970 3839 vetustatem
1994 3787 2319 3851 servandam,
2349 3794 2407 3837 ut
2427 3787 2519 3838 do·

309 3863 398 3927 gia
420 3865 558 3928 apud
591 3880 707 3915 eum
742 3868 944 3930 legunt.
1011 3867 1149 3918 Vide
1186 3868 1251 3917 ad
1289 3867 1380 3919 lib.
1450 3874 1538 3916 cet
1563 3866 1851 3919 Columella
1871 3864 1958 3916 lib.
1978 3878 2110 3915 xm.
2177 3865 2297 3915 Nec
2319 3872 2519 3914 tantum

310 3953 434 3993 xxi.
460 3955 508 3990 c.
530 3944 613 3991 02.
647 3940 702 3992 J.
724 3942 954 3993 Clericus.
1451 3943 1644 4001 vinum,
1687 3944 1781 3993 sed
1818 3943 1986 3993 oleum
2013 3956 2236 4008 quoque,
2280 3949 2335 3992 et
2365 3943 2518 3993 olivae

375 4025 400 4051 ⁸
434 4016 496 4067 In
517 4021 620 4068 vico
643 4018 843 4086 ulrico]
878 4018 963 4070 An
1001 4020 1052 4069 in
1086 4020 1189 4070 vieo
1222 4020 1380 4069 Uari·
1450 4020 1677 4071 conditoe
1716 4019 1768 4069 in
1810 4020 1975 4085 seriis,
2009 4034 2125 4084 qua
2160 4018 2282 4070 inde
2312 4019 2518 4070 oleafiae

307 4108 389 4151 no,
414 4093 503 4159 qni
526 4094 703 4145 Romae
728 4097 779 4146 in
811 4096 1019 4161 regione
1041 4096 1302 4161 Esquilina
1323 4104 1380 4146 et
1449 4098 1627 4159 dicta»,
1646 4098 2021 4158 servabamini-3
2044 4110 2321 4162 earumque
2343 4097 2521 4146 memi-

310 4172 556 4222 Viminali
582 4172 774 4235 legitur
792 4172 931 4237 apud
953 4174 1016 4224 P.
1038 4174 1305 4223 Victorem
1327 4181 1382 4223 et
1454 4174 1535 4223 nit
1555 4174 1720 4223 Varro
1744 4171 1832 4222 lib.
1859 4186 1949 4222 m.
1966 4171 2032 4221 de
2058 4171 2137 4221 Re
2164 4172 2310 4222 Rust.
2335 4186 2452 4237 cap.
2468 4178 2519 4223 2.

308 4247 433 4298 Sex.
481 4245 707 4299 Rufum?
786 4248 870 4300 An
913 4250 965 4300 iu
1002 4250 1173 4315 aliquo
1209 4250 1380 4302 Istriae
1454 4248 1701 4300 laudante
1723 4249 1978 4299 Marcello
1999 4246 2227 4298 Donato.
