3025 4892
1485 352 1660 419 1402

877 833 1356 915 LECTORI
1414 829 2014 910 BENEVOLO
2068 829 2146 907 S.
2184 830 2276 905 P.

478 1086 719 1148 CAUSA
763 1088 903 1146 mihi
943 1086 1258 1157 scribendi,
1292 1087 1470 1164 justae
1499 1082 1953 1142 Vocn-mms
1983 1083 2258 1154 officium,
2291 1092 2352 1143 et
2389 1084 2661 1145 voluntas

473 1184 622 1262 ejus,
664 1184 760 1244 cui
785 1194 919 1265 post
944 1184 1162 1244 DEUM
1189 1182 1427 1242 obedire
1454 1180 1709 1239 maxime
1734 1179 1941 1240 debeo.
2028 1180 2305 1251 Materia,
2335 1191 2502 1241 vetus
2527 1180 2658 1241 Ro·

475 1299 651 1340 mana
692 1280 982 1352 Historia,
1036 1290 1321 1361 quatenns
1361 1299 1400 1338 a
1453 1277 1623 1337 Livio
1664 1276 1958 1356 quondam
2011 1278 2301 1356 exposita,
2357 1287 2489 1357 post
2531 1278 2658 1358 ple·

475 1395 714 1456 ramque
755 1377 1035 1436 Auctoris
1076 1379 1205 1456 ejus
1254 1384 1480 1455 partem
1524 1372 1909 1453 deperditam,
1955 1373 2014 1432 in
2059 1371 2257 1432 multis
2300 1373 2430 1433 aliis
2472 1374 2654 1434 Anti-

473 1491 717 1551 quorum
759 1472 917 1533 libris
957 1473 1117 1533 varie
1158 1471 1436 1551 dispersa,
1483 1468 1657 1529 latuit
1697 1469 1909 1540 verius,
1952 1490 2131 1550 quam
2173 1470 2389 1532 extitit.
2471 1469 2657 1532 Hanc

471 1589 583 1647 ego
608 1589 713 1650 pro
738 1571 888 1630 virili
917 1580 1081 1651 parte
1108 1570 1252 1640 erui,
1280 1567 1579 1638 contexui,
1608 1566 1786 1626 etiam
1807 1566 2104 1647 expolivi:
2130 1567 2413 1627 hactenus
2432 1568 2655 1647 utique,

474 1675 539 1725 ut
590 1667 732 1725 situs
778 1676 954 1746 atque
1004 1665 1239 1747 squalor
1288 1664 1726 1743 detergeretur:
1780 1662 2120 1723 festinanter
2161 1674 2339 1737 certe,
2387 1673 2658 1744 quartum

471 1760 761 1822 decimum
805 1764 957 1823 intra
998 1782 1276 1833 mensem,
1319 1771 1628 1841 postquam
1667 1761 1871 1820 iterum
1902 1759 2288 1821 Bibliothecae
2313 1780 2458 1820 meae
2485 1762 2659 1841 copia

469 1856 651 1929 facta,
694 1859 856 1919 libris
897 1860 1124 1920 effectis
1162 1859 1552 1940 quadraginta
1597 1858 1895 1937 quinque;
1939 1877 2275 1937 quanquam
2315 1857 2659 1938 impedirent

472 1955 677 2030 morbi,
707 1957 1055 2027 curationes,
1098 1956 1376 2016 molestiae
1405 1955 1788 2033 negotiorum,
1833 1951 2142 2013 calumniae
2171 1954 2381 2025 litium,
2411 1975 2656 2035 quarum

468 2072 659 2112 rerum
690 2073 984 2133 nunquam
1026 2053 1211 2114 laetior
1251 2074 1415 2132 seges
1446 2052 1579 2112 fuit.
1673 2051 1944 2111 Adhibui
1977 2060 2172 2111 tamen
2203 2050 2566 2132 diligentiam
2596 2061 2660 2111 et
2729 2077 2750 2103 t

457 2149 749 2226 judicium
802 2151 959 2231 quod
1011 2151 1195 2231 potui.
1280 2151 1364 2210 Et
1412 2150 1522 2210 tibi
1570 2149 1808 2229 quidem
1848 2148 2121 2227 judicare
2175 2147 2332 2219 licet,
2390 2148 2656 2228 Benigne

470 2243 714 2316 Iaecton
763 2266 854 2305 me
890 2267 1028 2306 vero
1071 2267 1184 2307 non
1228 2248 1389 2328 piget
1413 2245 1677 2306 confiteri
1714 2245 1790 2305 de
1828 2246 2005 2306 animi
2049 2245 2163 2305 mei
2207 2246 2516 2315 sententia,
2562 2265 2655 2304 me

469 2343 806 2422 neutiquam
833 2353 1108 2414 metuere,
1151 2364 1225 2402 ne
1267 2343 1397 2422 quis
1421 2364 1498 2403 ex
1525 2343 1792 2402 omnibus
1831 2343 1924 2402 his
1962 2341 2357 2422 scriptoribus,
2399 2343 2661 2422 quisunt

468 2436 526 2495 in
551 2438 846 2498 hominum
873 2460 1070 2511 manu,
1113 2440 1336 2521 aliquid
1377 2440 1594 2501 efficiat
1635 2441 1692 2500 in
1730 2441 1843 2499 hoc
1869 2459 2077 2519 genere
2103 2438 2466 2508 concinnius,
2493 2440 2652 2520 copi-

465 2532 641 2603 osius,
681 2535 890 2594 verius,
960 2535 1179 2615 Neque
1219 2546 1414 2596 tamen
1470 2537 1520 2595 is
1565 2556 1714 2606 sum,
1758 2535 1860 2615 qui
1903 2555 1996 2594 me
2041 2554 2330 2615 nusquam
2375 2536 2654 2595 erravisse

465 2639 683 2707 putem.
754 2618 874 2691 Sed
903 2632 1087 2692 sicubi
1131 2634 1364 2713 impegi,
1408 2653 1531 2692 rem
1563 2633 1647 2691 ita
1686 2640 2086 2712 comparatam
2129 2629 2417 2711 intelliges
2457 2630 2654 2704 fuisse,

380 2792 387 2799 ,
466 2733 530 2783 ut
566 2746 678 2784 non
720 2728 843 2787 sine
883 2730 1102 2789 ratione
1144 2730 1403 2810 quadam
1444 2729 1792 2797 erraverim;
1840 2728 1951 2788 hoc
1982 2738 2093 2799 est,
2137 2737 2204 2787 ut
2244 2747 2492 2787 errorem
2531 2748 2655 2788 esse

463 2819 732 2891 hominis,
765 2843 877 2881 non
913 2824 1174 2903 pecudis,
1211 2835 1511 2905 appareat.
1600 2824 1867 2884 Monitus
1900 2834 2094 2883 autem
2139 2832 2432 2902 gratanter
2456 2843 2653 2883 emen-

461 2914 620 2976 dabo
644 2918 803 2997 quod
829 2939 974 2998 opus
990 2919 1197 2989 fuerit3
1228 2929 1309 2991 et,
1337 2921 1385 2980 si
1411 2921 1522 2980 tibi
1546 2920 1801 2979 studium
1827 2938 2016 2979 meum
2047 2920 2279 3000 probari
2303 2939 2651 2998 cognovero,

464 3014 831 3092 posteriorem
857 3035 1089 3094 quoque
1105 3016 1376 3088 Tomum,
1405 3016 1832 3098 quamprimum
1859 3017 1986 3093 ejus
2010 3016 2094 3075 rei
2122 3014 2380 3075 facultas
2393 3015 2651 3088 dabitur,

460 3110 787 3172 extrudam.
847 3111 1025 3171 Vale.
1057 3111 1219 3175 Dab.
1242 3113 1592 3184 Vormatiae,
1621 3133 1699 3173 ex
1728 3113 1941 3173 Museo
1968 3133 2120 3182 meo,
2149 3111 2235 3172 A.
2261 3110 2342 3172 D.
2376 3129 2470 3172 lv,
2497 3112 2639 3173 Kal.

461 3205 788 3284 Septembr.
816 3206 998 3268 Anno
1027 3209 1360 3270 Christiano
1388 3227 1678 3270 MDcuv.

528 3400 643 3451 Hoc
678 3403 928 3453 monitum
964 3403 1230 3467 prefixum
1254 3403 1513 3468 reperitur
1592 3397 1865 3460 librorum,
1907 3412 2097 3462 nempe
2141 3413 2172 3447 ι
2215 3396 2345 3447 libro
2391 3410 2541 3449 xtvr.
2585 3395 2652 3447 ad

458 3476 671 3527 editioni
685 3479 1174 3543 supplementorum
1188 3481 1511 3530 Livianorum
1595 3490 1725 3528 xcv.
1790 3477 1854 3526 ln
1887 3475 1973 3525 illa
1996 3474 2228 3525 editione
2266 3476 2516 3524 monitum
2552 3475 2651 3524 boc

458 3554 579 3601 unni
626 3558 769 3604 1662.
816 3557 1153 3620 Argentorati
1197 3566 1252 3606 et
1289 3557 1512 3607 Franco·
1593 3552 1808 3604 carebat
1848 3560 1968 3601 notu
2008 3552 2107 3602 loci
2140 3559 2195 3600 et
2230 3552 2498 3615 temporit,
2533 3565 2649 3616 qne

454 3628 736 3694 surti,qua·.
777 3640 968 3694 pra-ter
999 3631 1177 3682 decem
1211 3632 1370 3681 libros
1397 3633 1508 3696 jam
1596 3639 1774 3692 postea
1826 3628 2029 3692 adjecta
2075 3628 2128 3677 in
2180 3626 2501 3691 Donjniana
2549 3634 2648 3676 est.

457 3712 578 3754 ante
610 3704 831 3753 Holmiae
874 3707 1041 3754 edito·
1084 3705 1383 3756 continebat
1423 3705 1511 3755 ad·
1596 3710 1735 3758 Creu.

454 3784 553 3831 linc
576 3782 938 3844 supplementa
963 3783 1337 3848 quinquaginta
1374 3782 1509 3834 Livii
