3025 4892
534 321 707 392 1742
1478 335 1550 384 ν.
1598 333 1787 384 mvn

536 483 857 560 tionibus,
901 498 1060 567 pars
1091 479 1159 544 in
1183 478 1474 545 navibus
1503 485 1710 546 erant.
1800 479 1887 545 Et
1926 478 2539 564 Carthaginienses,
2569 473 2726 564 quis

537 603 677 651 rem
707 585 851 650 fore
877 583 1057 650 haud
1107 603 1261 649 cum
1306 583 1654 668 imparatis
1706 582 2089 661 cernebant,
2129 602 2346 667 usque
2386 583 2475 648 ad
2512 583 2728 649 lucem

540 695 741 773 portu
779 708 853 752 se
913 686 1404 765 abstinuerunt,
1456 685 1794 752 demendis
1834 687 2262 752 armamentis
2307 705 2390 752 eo
2434 692 2731 770 tempore

542 790 967 875 aptandaque
997 787 1085 855 ad
1113 808 1399 874 pugnam
1422 788 1643 854 classe
1661 790 1993 855 absumto.
2082 788 2222 855 Ubi
2258 788 2513 865 illuxit,
2552 808 2735 854 rece·

543 913 706 978 pere
750 894 1038 959 classem
1087 894 1153 957 in
1198 894 1434 972 altum,
1465 901 1544 958 ut
1574 894 1869 976 spatium
1913 911 2159 978 pugnoe
2199 898 2404 970 esset,
2450 892 2737 958 exitum-

548 1016 681 1081 que
702 996 974 1061 liberum
1006 1017 1045 1062 e
1069 1003 1261 1081 portu
1291 1015 1499 1063 naves
1527 996 1817 1062 hostium
1843 995 2178 1061 haberent.
2269 993 2333 1060 N
2340 1013 2421 1059 ec
2449 992 2738 1060 Romani

549 1098 1008 1165 detrectavere
1038 1119 1352 1185 pugnam,
1381 1107 1449 1167 et
1474 1098 1797 1182 memoria
1837 1098 2016 1163 circa
2054 1117 2141 1163 ea
2166 1099 2320 1183 ipsa
2346 1096 2506 1163 loca
2528 1103 2741 1180 gesta·

550 1220 694 1266 rum
722 1219 935 1265 rerum
951 1200 1126 1279 freti,
1157 1209 1226 1267 et
1255 1200 1542 1269 militum
1571 1199 1992 1267 multitudine
2020 1219 2101 1266 ac
2134 1201 2400 1266 virtute.

638 1304 748 1369 50.
773 1302 914 1369 Ubi
932 1306 999 1368 in
1017 1304 1224 1370 altum
1245 1306 1460 1371 evecti
1479 1309 1658 1383 sunt,
1685 1302 2036 1369 Romanus
2055 1321 2405 1369 conserere
2431 1322 2744 1387 pugnam,

554 1415 626 1474 et
653 1428 740 1472 ex
768 1408 1147 1494 propinquo
1170 1410 1348 1475 vires
1367 1409 1661 1476 conferre
1683 1408 1891 1475 velle:
1917 1412 2157 1475 contra
2181 1409 2450 1474 eludere
2473 1409 2746 1486 Poenus,

556 1517 624 1577 et
645 1517 809 1590 arte,
827 1530 967 1577 non
984 1512 1077 1590 vi,
1100 1531 1240 1577 rem
1260 1531 1510 1595 gerere,
1530 1513 1958 1598 naviumque,
1976 1531 2181 1599 quam
2197 1511 2493 1578 virorum
2512 1518 2632 1579 aut
2650 1530 2748 1576 ar·

556 1632 845 1692 morum,
871 1613 1074 1680 malle
1104 1621 1441 1682 certamen
1461 1615 1731 1682 facere.⁵
1850 1614 2035 1681 Nam
2057 1622 2136 1681 ut
2159 1615 2367 1681 sociis
2394 1614 2749 1680 navalibus

561 1714 812 1782 affatim
840 1716 1233 1784 instructam
1247 1719 1553 1798 classem,
1576 1720 1674 1784 ita
1700 1718 1970 1805 inopem
1987 1719 2203 1786 milite
2217 1717 2589 1784 habebant:
2608 1714 2638 1757 ⁶
2662 1722 2751 1794 et,

564 1818 780 1885 sicubi
814 1828 1116 1887 conserta
1143 1824 1337 1889 navis
1358 1830 1386 1873 ⁷
1428 1830 1675 1904 esset,··
1714 1822 2242 1908 haudquaquam
2287 1840 2412 1905 par
2438 1836 2754 1884 numerus

564 1926 963 1987 armatorum
991 1942 1085 1988 ex
1112 1943 1197 1989 ea
1223 1927 1593 2010 pugnabat.
1680 1923 1887 2005 Quod
1916 1926 2035 1991 ubi
2062 1924 2606 1991 animadversum
2626 1929 2754 2000 est,

564 2032 636 2089 et.
659 2023 988 2091 Romanis
1007 2026 1364 2095 multitudo
1393 2047 1523 2094 sua
1549 2030 1745 2095 auxit
1789 2027 2109 2107 animum,
2155 2032 2225 2094 et
2262 2027 2577 2112 paucitas
2624 2023 2758 2112 illis

566 2125 822 2192 minuit.
910 2128 1274 2216 Extemplo
1330 2137 1592 2217 septem
1658 2149 1869 2200 naves
1911 2130 2189 2199 Punicae
2253 2131 2761 2207 circumveutae3

567 2228 793 2313 fugam
838 2238 1079 2299 ceterae
1110 2235 1474 2319 ceperunt.⁸
1565 2235 1761 2302 Mille
1798 2244 1869 2301 et
1908 2232 2310 2321 septingenti
2334 2232 2521 2299 fuere
2549 2231 2619 2296 in
2646 2250 2763 2297 na·

451 2363 457 2370 ·
569 2332 773 2399 vibus
803 2335 1011 2420 capti,
1051 2337 1303 2404 milites
1331 2345 1732 2425 nautaeque3
1775 2339 1849 2403 in
1886 2337 1993 2404 his
2026 2341 2162 2403 tres
2187 2335 2445 2402 nobiles
2492 2332 2762 2400 Cartha·

575 2434 985 2518 giniensium.
1075 2436 1339 2507 Classis
1371 2440 1679 2507 Romana
1707 2440 2088 2519 incolumis,
2109 2458 2244 2505 una
2270 2443 2522 2504 tantum
2553 2437 2766 2522 perfo-

575 2546 728 2606 rata
775 2542 957 2619 navi,
1007 2543 1130 2609 sed
1175 2563 1259 2608 ea
1304 2563 1581 2629 quoque
1625 2543 1785 2628 ipsa
1820 2543 2092 2621 reduce,
2140 2542 2209 2608 in
2258 2546 2523 2628 portum
2550 2540 2765 2606 rediit.

578 2640 962 2708 Secundum
984 2643 1158 2711 hanc
1187 2663 1507 2729 pugnam,
1537 2644 1833 2712 nondum
1852 2644 2083 2728 gnaris
2113 2644 2311 2731 ejus,⁹
2351 2644 2468 2730 qui
2508 2642 2768 2709 Messa·

578 2763 684 2810 nse
712 2751 917 2825 erant,
944 2746 1055 2814 Ti.
1099 2747 1539 2832 Sempronius
1568 2747 1803 2814 consul
1826 2747 2214 2813 Messanam
2243 2746 2446 2813 venit.
2535 2745 2621 2811 Ei
2648 2744 2769 2810 sre-

581 2854 726 2912 tum
750 2856 803 2887 ¹⁰
846 2849 1114 2917 intranti
1150 2870 1270 2915 rex
1301 2849 1513 2923 Hiero
1543 2849 1832 2918 classem
1883 2857 2191 2916 ornatam
2219 2849 2490 2917 obviam
2542 2849 2766 2915 duxit:

585 2954 1169 3036 transgressusque
1220 2972 1308 3026 ex
1339 2954 1525 3036 regia
1565 2954 1633 3019 in
1669 2952 2055 3039 praetoriam
2099 2972 2360 3030 navem,
2408 2952 2770 3037 gratulatus

585 3052 911 3136 sospitem
943 3071 1099 3119 cum
1125 3056 1428 3121 exercitu
1470 3062 1539 3122 et
1582 3058 1869 3122 navibus
1911 3056 2295 3134 advenisse,
2337 3062 2771 3140 precatusque

585 3170 986 3240 prosperum
1017 3175 1096 3222 ac
1119 3156 1379 3224 felicem
1402 3158 1471 3224 in
1499 3159 1800 3226 Siciliam
1829 3158 2215 3240 transitum3
2263 3164 2512 3226 statum
2538 3155 2769 3223 deinde

586 3258 828 3324 insulse
858 3263 929 3324 et
956 3257 1603 3344 Carthaginiensium
1634 3267 1880 3328 conata
1909 3262 2266 3346 exposuit:
2310 3260 2769 3345 pollicitusque

592 3368 723 3442 est,
755 3381 891 3447 quo
942 3362 1169 3430 animo
1199 3364 1418 3449 priore
1464 3365 1651 3433 bello
1702 3365 2031 3450 populum
2083 3362 2473 3430 Romanum
2508 3360 2768 3449 juvenis

592 3463 987 3548 adjuvisset,
1013 3485 1099 3533 eo
1130 3485 1354 3534 senem
1385 3467 1794 3555 adjuturum.
1887 3466 2323 3533 Frumentum
2361 3467 2766 3534 vestimenta·

593 3586 727 3653 que
784 3585 938 3633 sese
995 3568 1380 3653 legionibus
1438 3570 1744 3637 consulis
1786 3571 2130 3657 sociisque
2187 3570 2544 3635 navalibus
2586 3563 2767 3652 gratis

658 3774 696 3802 '⁸
732 3768 2309 3839 deonwigiammueproxinoinviaenmitmm.

669 4085 700 4130 5
734 4077 752 4107 ‘
773 4077 1207 4141 Grutermsucere
1227 4089 1546 4147 expunctum
1563 4085 1751 4150 vellen
1884 4086 2042 4149 nolle,
2063 4082 2107 4133 si
2126 4096 2255 4148 opus
2274 4087 2451 4133 esset:
2484 4079 2573 4131 sed
2594 4079 2774 4129 maneat

603 4149 920 4210 utu-umqum·
943 4146 1001 4196 J.
1028 4146 1085 4196 F.
1113 4150 1427 4200 Granum—6
1458 4149 1684 4202 Habebat
1705 4150 1782 4202 Ed
1825 4188 1836 4200 .
1862 4163 2037 4200 omnes
2057 4156 2177 4199 aute
2200 4147 2467 4198 Drak.-·1
2497 4146 2630 4198 Olim
2651 4144 2771 4206 lege·

603 4212 759 4263 batur
777 4217 994 4263 musena
1011 4217 1291 4265 mmm-8
1325 4215 1451 4268 Vct.
1473 4216 1566 4268 lib.
1588 4215 1730 4282 apud
1751 4217 1925 4283 Sigon.
1940 4213 2301 4278 cmv-esum-
2313 4217 2511 4278 σιμ-9
2542 4210 2621 4262 Al.
2639 4210 2769 4261 eis-
