3025 4892
502 390 673 459 1588

501 851 652 903 Diod.

504 1014 673 1098 zama.

507 1816 656 1868 Diod.

506 2596 653 2648 Diod.

1445 409 1513 457 T.
1565 409 1757 458 lell

900 559 998 611 10.
1043 551 1333 614 Proxima
1359 561 1529 612 nocte
1560 551 1895 623 Hannibal,
1922 550 2079 612 clam
2097 552 2380 622 hostibus,
2406 550 2549 614 dum
2567 550 2710 613 femi

818 668 896 707 ex
922 648 1124 729 praelio
1146 651 1276 728 ejus
1302 649 1525 710 abitum
1562 650 1868 710 observare
1901 648 2223 730 negligunt,
2268 649 2534 720 navibus,
2576 650 2711 730 qui-

823 745 1066 806 buscum
1093 755 1354 818 venerat,
1401 746 1748 828 Drepanum
1787 746 1866 806 ad
1908 745 2317 807 Adherbalem
2353 754 2555 809 vectus
2579 755 2712 806 est:

827 841 1098 903 abductis
1119 863 1238 903 una
1260 843 1577 924 equitibus,
1621 864 1769 923 quos
1799 846 1858 903 in
1900 843 2044 903 locis
2068 842 2362 924 impedita
2384 840 2463 902 ad
2489 841 2718 902 nullam

825 957 947 997 rem
964 939 1210 1000 obmis
1233 940 1431 1012 utiles,
1457 940 1602 1001 alibi
1627 941 1842 1000 bonam
1861 960 2100 1021 operam
2125 959 2342 999 navare
2367 959 2533 1019 posse
2554 933 2723 999 recte'

814 1034 1208 1111 judicaverat.
1268 1036 1364 1097 Hi
1389 1038 1544 1097 enim
1573 1057 1611 1096 a
1639 1036 1920 1118 Drepano
1937 1058 2093 1117 saepe
2107 1044 2499 1106 excurrentes,
2523 1036 2718 1095 intuta

824 1130 1123 1193 faciebant
1168 1134 1397 1205 itinera,
1444 1153 1750 1214 rerumque
1795 1134 2243 1196 necessariarum
2278 1131 2712 1192 subvectionem

824 1226 1141 1303 difficilem,
1170 1230 1496 1311 multosque
1533 1230 1944 1312 pabulatorum
1964 1231 2191 1309 longius
2215 1249 2253 1288 a
2274 1229 2479 1289 castris
2492 1246 2716 1306 vagan-

825 1326 973 1386 tium
987 1328 1387 1409 excipiebant,
1402 1330 1707 1408 sociosque
1724 1327 2133 1389 Romanorum
2157 1326 2313 1387 omni
2329 1324 2587 1386 cladium
2615 1345 2718 1402 ge-

827 1442 964 1482 nere
984 1434 1287 1496 vexantes,
1303 1425 1607 1485 consulum
1622 1427 1874 1486 rationes
1890 1446 2005 1485 non
2015 1424 2387 1484 mediocriter
2401 1421 2717 1483 conturba-

829 1517 994 1579 bant.
1028 1520 1250 1601 Neque
1262 1523 1408 1581 mari
1420 1531 1578 1582 tutas
1592 1523 1663 1581 iis
1676 1520 2089 1585 resAdherbal
2106 1541 2230 1581 esse
2245 1520 2596 1601 patiebatur,
2616 1517 2720 1597 qui

826 1615 1002 1676 modo
1033 1617 1266 1690 Siculis,
1294 1619 1468 1679 modo
1496 1618 1728 1680 Italicis
1752 1619 2043 1680 littoribus
2066 1619 2411 1699 improvisus
2433 1614 2718 1685 incidens,

827 1712 973 1773 nihil
996 1735 1114 1795 quo
1141 1736 1348 1777 nocere
1384 1714 1679 1778 Romanis
1720 1726 1913 1798 posset
1952 1717 2215 1776 inausum
2249 1709 2748 1791 intentatumque'

825 1813 1208 1894 relinquebat.
1279 1812 1381 1873 Ita
1405 1813 1653 1886 factum,
1696 1823 1763 1874 ut
1788 1833 1999 1893 magna
2033 1813 2091 1873 in
2121 1811 2326 1872 castris
2351 1817 2491 1869 nata
2517 1808 2722 1889 inopia

828 1913 964 1989 (nec
1003 1911 1157 1970 enim
1200 1919 1408 1992 proeter
1448 1931 1655 1971 carnes
1684 1910 1976 1992 pecudum
2017 1909 2332 1989 quicquam
2372 1905 2554 1967 ferme
2595 1905 2719 1965 cibi
2749 1977 2762 1983 ,

825 2011 1148 2088 supererat)
1174 2027 1390 2087 magna
1415 2025 1550 2089 pars
1567 2008 1746 2079 fame,
1774 2008 1968 2090 plures
1990 2007 2171 2066 etiam
2195 2002 2432 2073 morbis,
2456 2011 2523 2061 ut
2546 1999 2718 2073 solet,

825 2106 1044 2165 obortis
1069 2114 1442 2170 morerentur.
1528 2102 1717 2166 Hunc
1744 2103 1823 2165 ad
1850 2103 2086 2164 modum
2116 2121 2253 2162 cum
2278 2099 2503 2179 aliquot
2526 2097 2719 2158 homi·

828 2221 968 2262 num
1009 2201 1196 2262 millia
1238 2202 1569 2263 desiderata
1612 2210 1827 2272 essent,
1874 2200 2121 2261 alterum
2157 2217 2234 2257 ex
2276 2194 2616 2256 consulibus
2641 2193 2721 2255 ad

827 2299 1068 2358 comitia
1119 2299 1378 2360 Romam
1428 2298 1749 2369 discedere,
1801 2317 2048 2377 suasque
2104 2294 2361 2374 legiones
2410 2291 2721 2373 deportate

827 2394 1071 2475 placuit,
1108 2417 1226 2477 quo
1251 2397 1684 2457 remanentibus
1708 2396 1768 2454 in
1794 2392 2095 2455 obsidione
2121 2389 2449 2473 expeditior
2473 2407 2722 2449 annonae

828 2492 977 2552 ratio
1003 2492 1172 2553 foret.
1705 2505 1710 2512 '

907 2596 1006 2652 11.
1050 2589 1275 2652 Iterum
1298 2589 1518 2651 deinde
1541 2589 1750 2669 majori
1775 2596 1988 2649 conatu
2009 2596 2164 2658 terra
2178 2584 2590 2666 lapidibusque
2613 2602 2718 2662 ag-

754 2727 759 2731 ·
828 2687 1025 2766 gostis,
1056 2687 1278 2765 aditum
1303 2697 1507 2770 portus
1535 2688 1723 2768 sepire
1752 2684 2001 2765 aggressi
2027 2692 2180 2753 sunt,
2215 2682 2432 2743 validis
2457 2681 2727 2740 trabibus

510 2989 703 3056 Polylm
710 2994 809 3041 m.

510 3184 662 3235 Diod.

509 3474 717 3541 Polym.
729 3479 812 3528 46.

830 2783 1181 2844 decussatim
1203 2785 1529 2866 compactis
1563 2804 1831 2863 aggerem
1864 2781 2338 2850 communientes,
2365 2797 2497 2858 quae
2523 2775 2729 2837 ferreis

831 2882 1098 2941 anchoris
1132 2883 1430 2953 revinctas,
1466 2883 1645 2941 totius
1668 2879 1860 2961 operis
1901 2897 2245 2958 compagem
2268 2873 2519 2935 firmiore
2566 2892 2727 2933 nexu

830 2978 1209 3037 continerent.
1318 2976 1439 3038 Sed
1482 2985 1719 3059 propter
1768 2977 1943 3036 maris
1985 2972 2379 3042 altitudinem,
2420 2969 2499 3030 ob
2546 2989 2728 3049 quam

835 3072 984 3130 inter
1007 3072 1473 3134 descendendum
1499 3072 1943 3133 convellebatur
1965 3066 2247 3150 quicquid
2266 3068 2548 3145 injectum
2571 3076 2727 3136 erat,

834 3168 1036 3246 ingens
1083 3179 1146 3230 et
1184 3169 1409 3230 inutilis
1451 3168 1619 3230 labor
1662 3169 1808 3229 fuit:
1871 3188 2006 3227 nam
2045 3167 2255 3227 oborto
2295 3163 2730 3224 vehementiore

832 3275 1137 3327 ventorum
1160 3265 1329 3339 flatu,
1356 3266 1642 3347 undisque
1661 3265 2194 3333 intumescentibus,
2213 3260 2506 3343 perfracta
2526 3260 2730 3320 omnia

834 3384 905 3424 ac
929 3364 1159 3447 direpta
1182 3376 1335 3428 sunt.
1420 3366 1576 3427 Cum
1621 3376 1817 3427 tamen
1866 3367 1994 3445 ipsa
2032 3361 2223 3444 operis
2261 3360 2423 3420 fama
2460 3358 2728 3419 clausum

833 3461 1194 3540 aliquamdiu
1219 3473 1448 3545 portum
1474 3463 1775 3534 tenuisset,
1803 3463 2018 3522 anxios
2041 3480 2115 3521 ea
2136 3479 2228 3518 res
2252 3457 2573 3518 Poenorum
2599 3455 2726 3515 ani-

835 3576 979 3629 mos,
1006 3560 1492 3641 vehementerque
1529 3559 1789 3621 solicitos
1822 3557 2064 3619 habuit:
2108 3573 2295 3634 neque
2318 3553 2470 3631 enim
2511 3551 2643 3612 ulla
2665 3552 2724 3612 in

834 3665 1059 3734 promtu
1085 3667 1213 3717 erat
1235 3659 1410 3729 ratio,
1437 3679 1556 3738 qua
1580 3676 1929 3737 cognoscere
1969 3663 2186 3714 statum
2210 3671 2443 3711 suorum
2467 3659 2724 3732 possent,

834 3770 1020 3831 neque
1073 3754 1379 3834 quisquam
1423 3754 1685 3815 audebat
1723 3772 1960 3834 operam
2000 3769 2166 3810 suam
2210 3748 2287 3808 ad
2334 3746 2726 3828 inspiciendas

837 3846 1329 3928 Lilybaetanorum
1370 3871 1460 3910 nes
1500 3850 1799 3931 polliceri:
1869 3847 2058 3908 donec
2104 3844 2417 3905 Hannibal
2460 3844 2722 3924 quidam,

835 3955 1221 4021 cognomento
1277 3946 1574 4018 Rhodius,
1611 3949 1703 4007 vir
1728 3967 1804 4006 ex
1843 3943 2184 4013 illustribus,
2229 3962 2290 4001 se
2336 3942 2721 4020 ingressurum

836 4039 1060 4112 urbem,
1105 4051 1187 4113 et,
1230 4052 1542 4123 postquam
1578 4043 1778 4103 omnia
1818 4061 2016 4101 coram
2043 4038 2465 4120 perlustrasset,
2493 4057 2571 4098 ex
2606 4035 2720 4097 fide

834 4138 1291 4197 renuntiaturum
1316 4139 1546 4219 recipit.

921 4238 1016 4294 12.
1062 4233 1137 4292 Ei
1160 4236 1437 4314 promisso
1460 4235 1651 4313 gratia
1674 4236 1860 4315 primo
1879 4236 2070 4313 major
2095 4228 2253 4313 apud
2279 4229 2524 4302 Poenos‚
2545 4247 2720 4309 quam

838 4325 984 4386 fides
997 4328 1142 4389 fuit.
1170 4333 1412 4413 quippe,
1431 4342 1642 4413 praeter
1656 4330 1877 4392 moles
1864 4351 1921 4391 in
1948 4330 2090 4391 mari
2110 4329 2330 4408 Jactas,
2348 4326 2716 4408 aditumpor·
