3025 4892
479 334 649 402 1464

484 780 648 815 xvru.
673 771 720 816 l.

518 832 650 881 Plut.
702 831 752 878 in

481 896 686 962 Pyrrho,
699 899 784 947 ⁴4.

485 986 678 1050 Appi·
684 999 783 1049 ··⁸1>

484 1050 555 1099 Fu
557 1052 606 1099 lv
607 1049 785 1100 .ΰπίῃ.

476 4246 649 4333 αΖοιιιι·.

1439 352 1508 401 Τ.
1559 352 1743 402 mvn

888 505 987 562 29.
1033 497 1158 560 His
1182 499 1357 579 igitur
1383 497 1799 559 animadversis
1836 497 2219 579 expensisque
2251 495 2694 575 rebus,'majore

800 594 1194 677 'componendi
1217 615 1350 656 cum
1376 596 1488 655 hac
1516 603 1687 674 gente
1701 594 1845 654 belli
1859 594 2145 654 desiderio
2171 593 2441 675 Pyrrhus
2464 592 2692 653 inflam-

556 718 607 750 us
631 718 697 750 m.
810 701 1020 764 matus,
1049 692 1331 753 ducentos
1352 712 1428 752 ex
1456 691 1704 772 captivis
1743 691 2005 772 protinus
2043 692 2167 750 sine
2197 691 2385 772 pretio
2410 690 2691 750 restituit:

808 790 1036 861 ceteris,
1061 790 1110 848 si
1136 790 1237 869 qui
1263 789 1342 848 ad
1367 789 1645 848 instantia
1670 786 2009 848 Saturnalia
2036 785 2296 848 Romam
2322 787 2400 846 ad
2425 785 2697 846 visendo·

807 904 942 945 suos
982 883 1270 966 proficisci
1310 894 1611 964 cuperent,
1638 885 1767 964 ejus
1806 885 1888 943 rei
1919 890 2265 964 potestatem
2306 882 2482 951 fecit:
2523 883 2698 943 unius

811 980 1066 1042 Fabricii
1090 991 1320 1042 secutus
1344 980 1545 1052 fidem,
1578 982 1726 1062 qui‘
1758 1000 2081 1040 reversuros
2119 980 2346 1040 exactis
2365 978 2553 1049 feriis,
2585 978 2694 1037 nisi

808 1098 928 1159 pax
981 1079 1200 1139 interea
1250 1078 1656 1149 convenisset?
1705 1077 2114 1159 spoponderat.
2197 1076 2407 1156 anue
2458 1084 2583 1134 tum
2633 1083 2698 1134 et

808 1177 1063 1256 gravitas
1102 1184 1355 1246 senatus,
1398 1185 1460 1235 et
1498 1174 1852 1254 singulorum
1895 1173 2045 1234 fides
2087 1173 2218 1243 suit,
2263 1181 2331 1232 ut
2370 1172 2448 1232 ad
2473 1172 2632 1231 diem
2657 1191 2696 1231 a

809 1273 1093 1335 Patribus
1117 1275 1496 1355 praestitutam
1523 1274 1774 1333 universi
1802 1271 2040 1353 Pyrrho
2055 1291 2116 1330 se
2133 1271 2516 1340 restituerent,
2537 1278 2694 1349 post-

808 1393 985 1456 quam
1010 1369 1322 1432 offirmatus
1344 1389 1577 1430 suorum
1601 1370 1827 1429 animos
1866 1366 2162 1449 impellere
2191 1367 2579 1447 nequicquam
2607 1374 2694 1424 te-

808 1472 1142 1533 tendissent.

606 1604 626 1636 r
745 1600 783 1636 1.
890 1575 989 1629 30.
1032 1567 1173 1631 Rex
1217 1569 1371 1630 enim
1410 1562 1662 1629 callidus
1702 1564 1856 1627 hunc
1895 1571 2219 1646 temporum
2251 1558 2558 1623 articulum
2583 1558 2696 1619 sibi

807 1665 1119 1726 tenendum
1144 1666 1476 1736 arbitratus,
1504 1663 1646 1724 dum
1674 1671 1910 1746 aspectu
1944 1661 2363 1722 carissimorum
2391 1659 2694 1740 pignorum

808 1762 1064 1823 mollitos
1101 1770 1163 1823 et
1203 1762 1478 1844 cupidine
1521 1761 1722 1821 isthaec
1747 1758 2032 1820 retinendi
2070 1759 2330 1818 incensos
2369 1756 2593 1815 animos
2615 1752 2695 1813 ad

810 1858 953 1919 belli
976 1859 1117 1920 odia
1140 1859 1487 1941 deponenda
1528 1858 1867 1940 promtiores
1897 1856 2158 1925 haberet,
2188 1853 2536 1933 legationem
2560 1850 2695 1910 mit-

809 1964 929 2015 tere
968 1955 1228 2016 Romam
1268 1956 1495 2027 statuit,
1535 1965 1601 2015 ut
1641 1955 1711 2014 iis
1748 1952 2196 2022 conditionibus,
2236 1971 2384 2031 quas
2422 1947 2699 2008 Fabricio

809 2054 1076 2134 praesenti
1112 2061 1480 2134 exposuerat,
1509 2053 1674 2132 pacis
1710 2060 1772 2110 et
1811 2049 2082 2110 amicitiae
2106 2046 2340 2108 ‘foedera
2378 2047 2697 2124 conjunge-

689 2183 700 2198 ·
810 2157 1023 2209 rentur.
1106 2149 1371 2209 Petebat
1411 2158 1630 2219 autem,
1660 2157 1678 2185 ‘
1709 2158 1777 2208 ut
1818 2146 2021 2207 iisdem
2061 2144 2372 2206 foederibus
2394 2142 2699 2203 Tarentini

807 2245 1459 2326 comprehenderentur:
1485 2246 1666 2306 ceteri
1682 2244 2023 2305 Graecorum
2042 2240 2283 2302 Italiam
2298 2239 2698 2309 incolentium,

810 2340 998 2411 liberi,
1026 2352 1088 2402 et
1110 2344 1229 2403 suis
1258 2344 1506 2424 legibus,
1549 2350 1820 2422 agerent:
1865 2340 2248 2409 Samnitibus,
2290 2336 2532 2417 Apulis,
2579 2335 2696 2395 Lu-

806 2439 989 2510 canis,
1021 2436 1287 2511 Bruttiis,
1316 2461 1449 2522 quae
1468 2449 1670 2521 erepta
1697 2460 1737 2499 a
1764 2438 2042 2498 Romano
2057 2435 2266 2505 forent,
2285 2433 2698 2494 redderentur:

809 2534 1068 2597 Romani
1093 2539 1357 2619 captivos
1383 2558 1423 2597 a
1448 2537 1686 2619 Pyrrho
1710 2536 1834 2596 sine
1879 2535 2067 2616 pretio
2108 2532 2467 2613 reciperent!
2550 2529 2702 2589 Erat

806 2632 966 2714 apud
992 2633 1291 2717 Pyrrhum
1315 2655 1390 2697 ea
1430 2642 1777 2716 tempestate
1805 2632 2044 2701 Cineas,
2070 2632 2242 2710 cujus
2263 2649 2440 2710 supra
2462 2645 2699 2707 quoque

807 2728 969 2790 facta
992 2740 1082 2791 est
1106 2732 1359 2800 mentio:
1405 2730 1494 2791 vir
1517 2751 1652 2792 cum
1676 2729 1936 2790 civilium
1962 2747 2150 2787 rerum
2177 2725 2439 2807 apprime
2464 2743 2699 2803 gnarus,

808 2833 933 2884 tum
962 2827 1157 2887 animo
1184 2828 1595 2908 propositoque
1623 2824 1916 2896 honestus,
1936 2825 2111 2906 etqui
2132 2832 2354 2883 naturae
2381 2820 2700 2903 proclivem

808 2918 1066 2980 indolem
1092 2922 1414 2982 eruditione
1455 2942 1681 3003 usuque
1721 2921 1799 2982 ad
1843 2919 2138 2982 efficacem
2166 2919 2504 2981 facundiam
2529 2937 2698 2978 exer-

702 3013 714 3025 '
809 3016 1041 3076 cuisset.
1123 3017 1312 3079 Hunc
1361 3038 1462 3079 eas
1510 3020 1592 3079 ob
1643 3028 1796 3079 artes
1845 3018 2205 3079 carissimum
2256 3036 2360 3076 rex
2402 3016 2697 3087 habebat:

773 3108 790 3126 ⁶
809 3114 1128 3196 crebroque
1156 3116 1537 3197 praedicabat,
1582 3127 1600 3152 ⁸
1630 3114 1881 3198 plurium
1922 3135 1986 3175 se
2013 3114 2242 3177 urbium
2268 3114 2574 3193 imperium
2601 3131 2702 3192 per

808 3207 1206 3290 eloquentiam
1233 3212 1458 3285 Cineoe,
1485 3232 1664 3292 quam
1690 3213 1865 3273 armis
1887 3212 2006 3271 suis
2032 3210 2309 3292 adeptum
2331 3209 2500 3269 esse!

892 3313 991 3367 31.
1036 3307 1294 3368 Romam
1322 3310 1430 3370 iste
1467 3330 1605 3370 cum
1645 3308 1874 3389 legatus
1913 3309 2186 3378 venisset,
2212 3305 2433 3367 callido
2455 3305 2700 3367 consilio

810 3423 1000 3464 moras
1024 3413 1279 3475 nectens,
1306 3407 1643 3487 priusquam
1683 3415 1947 3466 sananim
1985 3404 2195 3474 adiret,
2219 3424 2460 3464 munera
2486 3403 2700 3483 paaeim

809 3519 914 3580 per
955 3499 1263 3595 illustrium
1304 3502 1506 3564 domos
1539 3503 1761 3584 Pyrrhi
1793 3502 2023 3563 nomine
2065 3501 2240 3562 misit.
2323 3499 2702 3560 Introdncms

807 3595 1063 3657 deinde
1048 3617 1107 3657 ιῃ
1131 3588 1375 3670 curiam,
1401 3619 1538 3659 cum
1564 3600 1716 3679 regis
1739 3598 2011 3659 virtutem
2027 3606 2088 3658 et
2105 3616 2453 3679 propensum
2479 3596 2540 3656 in
2567 3595 2697 3656 Ro-

811 3711 1014 3753 manos
1038 3694 1292 3755 animum
1319 3695 1519 3756 multis
1552 3695 1865 3766 extollens,
1891 3694 1966 3755 de
1995 3693 2395 3754 conditionum
2433 3712 2584 3772 quas
2609 3692 2698 3752 af·

810 3786 986 3850 ferret
1008 3792 1284 3872 aequitate
1311 3792 1691 3862 disseruisset,
1724 3811 1936 3871 magna
1978 3811 2114 3872 pars
2141 3798 2377 3850 senatus
2400 3798 2563 3849 mota
2587 3798 2697 3857 est,

720 3887 732 3937 ἰ
772 3922 785 3937 .
810 3893 877 3943 ιιι
917 3885 1310 3948 admittendas
1350 3909 1473 3949 esse
1511 3887 1826 3949 dubitaret.
1910 3886 2151 3967 Quippe
2191 3900 2365 3967 super
2404 3895 2624 3956 cetera,
2649 3887 2698 3946 si

811 3981 996 4041 socios
1017 4003 1153 4043 suos
1173 4005 1511 4066 oppugnare
1539 3983 1889 4055 desinerent,
1931 3991 2099 4043 tanta
2124 3982 2349 4042 auxilia
2374 3980 2699 4062 polliceba-

813 4083 927 4149 tur,
956 4086 1022 4137 ut
1046 4079 1115 4137 iis
1140 4079 1296 4140 haud
1325 4078 1638 4142 difficulter
1678 4081 1982 4161 imperium
2009 4088 2218 4139 ceterae
2245 4077 2442 4137 Italia:
2465 4087 2703 4158 ponem

812 4175 1128 4253 acquirere.
1214 4176 1337 4237 Sed
1378 4178 1658 4258 quoniam
1699 4178 1778 4237 ob
1819 4175 2276 4255 magnitudinem
2299 4174 2422 4243 Tei,
2451 4173 2701 4235 solicitis

816 4268 1116 4343 Patribus,
1148 4272 1360 4335 multos
1388 4275 1447 4334 in
1473 4261 1600 4336 dies
1626 4282 1894 4335 extracta
1919 4271 2264 4333 deliberatio
2299 4270 2462 4353 pacis
2485 4269 2700 4333 future
