3025 4892
997 382 1141 431 ms.
1189 380 1418 431 xxiv.
1462 383 1629 431 cm».
1670 367 1779 431 42.
2302 367 2473 433 2061

278 531 460 615 quin,
485 529 618 594 nisi
643 547 730 594 ea
756 547 948 595 mora
974 527 1455 607 intervenisset,
1487 534 1711 594 castra
1750 547 1835 595 eo
1882 529 1993 594 die
2022 526 2289 594 Punica
2317 530 2477 614 capi

279 632 641 719 potuerint.
651 634 704 715 1,
728 630 887 696 Jam
911 638 959 678 ¹5
991 649 1122 694 non
1153 630 1399 694 milites
1438 631 1676 713 solum,
1718 631 1840 697 sed
1886 632 2227 716 elephanti
2271 633 2475 697 etiam

280 754 504 819 nsque
533 734 618 799 ad
649 734 899 799 vallum
943 734 1073 799 acti
1109 742 1318 811 erant,
1366 754 1697 819 superque
1743 733 1931 820 ipsoi
1975 754 2211 800 novem
2256 740 2325 801 et
2366 736 2478 799 tri-

279 839 467 922 ginta
512 836 852 920 elephanti
885 836 1044 920 pilis
1074 835 1347 901 confixi.
1434 836 1598 902 Hoc
1627 857 1891 923 quoque
1920 837 2156 921 praelio
2182 835 2268 902 ad
2309 836 2475 902 dno·

280 939 499 1007 decim
551 940 768 1005 millia
816 938 1151 1003 hominum
1203 936 1517 1003 dicuntur
1561 959 1771 1018 caesa,
1821 958 2031 1024 prope
2075 940 2205 1007 tria
2251 945 2479 1022 capta,

281 1063 432 1109 cum
466 1043 676 1127 signis
704 1042 1104 1125 militaribus
1135 1049 1395 1126 septem
1427 1052 1494 1107 et
1520 1043 2022 1127 quinquaginta.
2086 1041 2200 1108 Ad
2229 1042 2481 1108 Aurin-

284 1141 454 1228 gen¹¹
501 1145 657 1210 inde
699 1145 933 1210 urbem
973 1143 1178 1209 Poeni
1225 1163 1605 1227 recessere3
1647 1156 1741 1224 et,
1788 1154 1865 1212 ut
1902 1146 2141 1212 territis
2177 1148 2480 1227 instaret,

282 1254 564 1312 secutus
606 1246 980 1313 Romanus.
1067 1247 1178 1313 Ibi
1217 1248 1458 1322 iterum
1504 1249 1742 1334 Scipio
1792 1250 2101 1315 lecticula
2144 1250 2213 1314 in
2265 1250 2481 1313 aciem

281 1351 506 1416 illatus
535 1350 875 1416 conflixit:
921 1370 1047 1416 nec
1094 1351 1300 1415 dubia
1339 1351 1625 1416 victoria
1661 1352 1826 1417 suit:
1871 1353 2092 1417 minus
2124 1357 2343 1417 tamen
2375 1351 2484 1416 di·

281 1452 494 1519 midio
523 1453 836 1532 hostium,
880 1473 1085 1538 quam
1131 1461 1350 1530 antea,
1404 1455 1568 1537 quia
1615 1456 1968 1538 pauciores
2000 1454 2483 1540 superfuerant,

283 1554 400 1639 qni
434 1561 823 1637 pugnarent,
854 1555 1177 1620 occisum.
1264 1554 1400 1620 Sed
1433 1575 1593 1639 gens
1624 1564 1786 1622 nata
1811 1556 2259 1625 instaurandis
2291 1574 2486 1639 repa·

283 1657 647 1742 randisque
679 1657 898 1749 bellis,
943 1655 1240 1740 Magone
1288 1654 1373 1722 ad
1416 1658 1972 1742 conquisitionem
2011 1653 2322 1724 militum¹
2349 1657 2484 1722 sra-

287 1765 385 1823 tre
403 1757 457 1800 ¹⁶
483 1760 712 1840 misso,
730 1761 923 1828 brevi
950 1759 1240 1846 replevit
1268 1762 1659 1841 exercitum,
1681 1761 2076 1847 animosque
2108 1761 2194 1826 ad
2227 1767 2488 1827 tentan-

1205 1942 1540 1965 ’ΜΟ
1545 1946 1571 1966 0

356 2079 417 2124 1⁵
456 2073 599 2125 Euius
623 2072 823 2126 addunt
843 2074 980 2128 Edd.
1005 2082 1126 2127 ante
1146 2076 1519 2129 Gronov—16
1548 2077 1565 2107 ‘
1588 2072 1823 2128 Primum
1856 2076 2050 2141 legenti
2071 2075 2191 2127 mihi
2213 2074 2490 2126 videbatur

289 2137 567 2201 legendum
584 2154 696 2190 esse
732 2157 764 2190 a
780 2141 964 2203 fratre,
1001 2140 1139 2206 quod
1159 2148 1214 2192 et
1237 2144 1362 2193 viris
1384 2142 1553 2193 doctis
1575 2143 1883 2208 jamdudum
1907 2143 2088 2198 visum,
2109 2150 2163 2191 et
2186 2155 2217 2191 a
2241 2141 2492 2205 Dunjstio

288 2206 422 2254 adeo
447 2215 710 2268 receptum
736 2205 905 2262 video,
940 2207 1082 2257 nulla
1122 2213 1294 2257 tamen
1328 2207 1572 2257 librorum
1608 2210 1952 2258 auctoritate:
1987 2206 2177 2256 deinde
2201 2220 2257 2254 re
2281 2219 2494 2255 accura-

289 2270 393 2319 tius
416 2271 730 2332 examinata,
758 2272 936 2321 melius
968 2272 1176 2337 quidem
1204 2273 1449 2336 putabam
1481 2274 1525 2321 si
1550 2271 1830 2322 adderetur
1852 2272 2164 2336 praepositio,
2189 2284 2288 2320 non
2315 2277 2491 2320 tamen

288 2336 652 2385 necessarium.
721 2337 919 2399 Magno
941 2336 1208 2388 Gronovio
1233 2337 1446 2404 aliisque
1481 2339 1605 2387 viris
1629 2338 1795 2386 doctis
1819 2336 1989 2387 fraudi
2012 2335 2134 2393 fuit,
2174 2337 2310 2401 quod
2338 2350 2491 2385 voca·

288 2399 468 2451 bulum
503 2415 624 2462 gens
670 2415 945 2466 perperam
984 2402 1354 2465 intelligerent.
1438 2402 1561 2453 Non
1596 2403 1735 2452 enim
1774 2401 2035 2466 siguificat
2070 2401 2122 2451 ir.
2169 2400 2203 2450 l.
2238 2400 2492 2450 Punicam

289 2471 519 2527 gentem,
539 2480 629 2515 scu
655 2468 899 2530 populum
923 2466 1423 2537 Carthaginiensem,
1455 2469 1548 2517 sed
1565 2472 1760 2530 geute-s
1778 2468 2060 2530 Barcinam,
2079 2466 2268 2516 fratres
2293 2465 2496 2515 Hanni-

289 2530 480 2585 balem,
522 2530 919 2593 Hasdrubalem,
940 2539 996 2582 et
1018 2534 1316 2595 Magonem,
1339 2532 1652 2583 Hamilcaris
1674 2532 1833 2583 filios:
1867 2532 1937 2582 de
1968 2547 2068 2598 qua
2090 2540 2250 2595 gente
2286 2538 2342 2580 et
2376 2545 2493 2593 sup·

291 2593 413 2644 Lib.
434 2608 551 2645 xxi.
572 2611 690 2660 cap.
717 2601 794 2646 10.
825 2595 1067 2647 dixeratz
1101 2601 1118 2625 ⁴
1143 2611 1241 2647 nec
1265 2613 1487 2662 unquam
1511 2600 1681 2648 donec
1705 2598 1966 2662 sanguinis
2006 2597 2227 2649 nominis
2266 2610 2330 2643 ue
2366 2596 2497 2647 Bar·

293 2659 706 2775 {uiaquksqluants
721 2662 1260 2777 fiupmit’hqffiffttpzt
1293 2662 1541 2776 Romana‘
1562 2661 1954 2779 fm’djwe
1991 2661 2205 2775 duobis}
2228 2612 2496 2775 astigia,

448 2741 502 2774 ru
544 2741 571 2773 a
597 2742 625 2774 e
644 2744 672 2774 e
783 2744 811 2775 s
883 2741 914 2775 u
1026 2762 1040 2777 .
1087 2763 1101 2778 .
2001 2742 2152 2792 ΡΜ

291 2790 426 2839 brevi
445 2784 643 2854 replerit
663 2742 1228 2857 eurdffssm5’nimoeqwuss
1246 2743 1520 2853 figam-⁸03?
1529 2743 1816 2843 exercitui:
1858 2743 2078 2855 replevit
2098 2741 2503 2842 amtn‘ffixereil

295 2861 425 2910 tum,
447 2855 567 2906 dum
605 2871 735 2906 rinus
767 2857 982 2907 fratrum
1021 2858 1180 2921 Mago
1215 2858 1516 2908 mitteretur
1538 2858 1603 2907 ad
1627 2857 2053 2922 conquisitionem
2076 2858 2317 2906 militum.
2377 2855 2501 2906 Hac

296 2918 434 2969 eninr
459 2922 724 2972 sententia
746 2931 890 2972 recte
914 2921 1016 2972 dici
1039 2936 1190 2986 posse
1252 2930 1373 2972 uto:
1404 2938 1527 2985 geas
1544 2956 1559 2972 .
1577 2956 1592 2972 .
1612 2922 1799 2981 ..fratre
1818 2922 1978 2979 niueo,
1998 2922 2198 2985 replevit
2219 2920 2502 2971 exercitum

295 2984 372 3034 Ut
399 2996 569 3036 tamen
594 2989 777 3038 melius
800 2982 1054 3053 putarem,
1091 2988 1134 3036 si
1172 2937 1451 3038 ad’deretur
1486 2988 1807 3052 prepositio,
1829 2986 2111 3051 disjunctio
2135 2986 2502 3036 vocabulorum

297 3049 542 3114 Magone.
561 3053 779 3112 ..fratre
812 3051 991 3102 efficit.
1073 3052 1311 3117 Namque
1351 3054 1395 3102 si
1413 3053 1582 3112 fratre
1619 3053 1742 3103 nihil
1776 3051 1869 3101 nisi
1904 3052 2162 3115 appositio
2182 3051 2271 3100 τοῦ
2292 3053 2505 3113 Magone

298 3126 456 3181 esset,
493 3117 693 3168 Livium
736 3117 904 3182 potius
928 3117 1132 3182 junctis
1171 3117 1386 3169 vocibus
1420 3118 1629 3182 Magone
1649 3116 1815 3178 fratre
1834 3117 1899 3168 ad
1918 3131 2082 3182 conqu.
2100 3117 2202 3169 mil.
2220 3132 2287 3167 ns.
2306 3116 2504 3168 dixisse

1283 3265 1500 3317 NOTAE

365 3360 379 3394 ¹
412 3361 653 3426 Superque
683 3359 808 3425 ipss]
840 3363 1009 3428 Super
1036 3361 1195 3413 Vallo
1224 3361 1360 3412 scili·

301 3440 410 3498 cet,
433 3452 524 3488 seu
546 3438 610 3489 ad
633 3439 858 3490 Vallum.

365 3513 391 3548 ἵ
422 3516 504 3566 Διί
540 3516 813 3580 Aur-iuges]
853 3516 1072 3574 Aurius,
1110 3516 1219 3566 sire
1256 3514 1363 3566 Au·

302 3591 421 3655 rigi,
463 3599 522 3642 ut
569 3592 622 3642 in
675 3592 896 3658 antiquis
947 3590 1366 3656 inscriptionibus

301 3675 540 3725 vocatur,
570 3667 788 3718 Βαίου
823 3666 947 3718 urbs
988 3666 1089 3718 fuit
1123 3667 1235 3718 sine
1272 3666 1368 3718 dn-

300 3742 424 3796 biot
468 3758 570 3808 qus
602 3744 656 3793 in
695 3749 844 3808 parte
878 3741 1060 3807 fuerit,
1090 3744 1370 3796 incertum.

304 3820 482 3873 Clusio
518 3827 576 3871 et
603 3820 847 3871 Floriano
881 3826 965 3872 est
995 3820 1182 3883 Am'm
1209 3823 1368 3887 juxta

300 3897 472 3951 δείξειε
513 3898 762 3948 Marianas
797 3898 968 3962 ipsum
996 3898 1143 3957 Jc’e'n,
1175 3899 1228 3949 in
1259 3898 1370 3950 Au·

302 3971 506 4024 dalusia
525 3971 806 4023 Orientali.
856 3973 1052 4023 Verum
1066 3972 1145 4024 his
1161 3973 1371 4026 obstare

302 4049 517 4102 videtur
546 4048 685 4116 quod
710 4049 862 4099 Poeni
893 4064 926 4099 a
953 4047 1159 4099 Munda
1180 4048 1371 4102 Aurin-

303 4142 409 4194 gen
450 4128 731 4178 recessisse
762 4125 1043 4189 dicuntnr3
1083 4127 1137 4177 id
1171 4134 1273 4192 est,
1316 4128 1369 4179 in

302 4204 562 4259 ulteriora
592 4203 861 4268 Hispania
889 4202 1113 4255 abiisse:
1145 4205 1260 4255 lucc
1281 4219 1370 4256 sn·

304 4288 415 4336 tem
435 4281 551 4335 loca
569 4281 818 4348 propiora
838 4280 1069 4333 citeriori
1094 4280 1368 4349 Hispaniae

1442 3376 1593 3427 quam
1626 3360 1845 3412 Munda.
1909 3362 2139 3411 Bentero
2160 3360 2320 3424 igitur
2338 3359 2508 3410 liben-

1443 3437 1548 3487 tius
1583 3437 1889 3487 accesserim
1921 3436 2004 3485 cui
2039 3435 2241 3486 Aurinx
2281 3443 2361 3484 est
2394 3435 2508 3484 Μο-

1443 3527 1550 3575 rou,
1572 3513 1711 3562 inter
1732 3511 1985 3562 Mundam
2017 3518 2074 3561 et
2106 3510 2386 3575 Hispalim.
2436 3511 2507 3563 V.

1446 3588 1536 3642 lib.
1560 3601 1768 3639 xxvm.
1791 3603 1839 3638 c.
1861 3591 1909 3636 8.

1511 3665 1527 3700 ¹
1557 3666 1769 3729 Magone
1798 3667 1862 3717 cd
1880 3662 2267 3728 conquisitim
2283 3663 2513 3730 militam

1446 3743 1501 3795 Si
1534 3758 1652 3796 cnm
1686 3741 2059 3809 praepositione
2088 3740 2370 3802 scribatur,
2396 3740 2513 3790 Ma·

1442 3834 1568 3884 geue
1597 3821 1663 3870 sd
1692 3818 2080 3885 conquisitionem
2108 3818 2318 3868 utilitum
2347 3816 2513 3886 sofra-

1413 3938 1416 3943 .
1446 3902 1524 3946 tre
1542 3896 1717 3946 ssim.-
1747 3895 2074 3959 intelligetur
2096 3891 2276 3943 fratris
2304 3892 2516 3944 nomine

1451 3970 1750 4023 Hasdrubal
1773 3969 2085 4022 Hamilcaris
2103 3969 2267 4021 filins:
2301 3976 2356 4020 et
2375 3968 2516 4036 quod

1449 4048 1700 4115 sequitur,
1724 4047 1854 4099 brem
1884 4047 2082 4112 replevit
2107 4046 2384 4104 exercitum,
2412 4059 2517 4097 non

1449 4127 1778 4178 incommode
1817 4124 2080 4177 referetur
2118 4125 2185 4177 ad
2228 4124 2517 4191 superiora,

1445 4219 1585 4335 aaliz
1615 4210 1733 4257 ncta
1782 4203 2107 4256 isuaarmdis
2151 4202 2517 4269 reparandisque
