3025 4892
843 368 1049 417 mam
1099 367 1330 417 xvm.
1374 365 2022 416 suspensurum.
2366 350 2539 417 1551

313 514 630 575 discrimen
656 513 955 594 aptissime
979 514 1256 595 componi
1284 513 1439 574 acies
1455 522 1669 595 posset.
1730 513 2045 574 Postremo
2068 514 2217 576 rati-⁶

317 632 492 673 onem
529 611 881 672 insuuendae
917 611 1122 672 clamis
1157 612 1339 673 talem
1373 611 1593 673 ineunt.
1711 610 1988 673 Hexeres
2042 611 2213 682 duas,

318 711 536 791 quibus
558 710 827 771 consules
852 710 960 790 ipsi
985 710 1370 782 vehebantur,
1389 711 1607 791 pariter
1622 710 1683 770 in
1697 710 1890 770 fronte
1915 717 2214 770 danunt:

317 807 552 887 utrique
579 808 786 867 harum
810 807 948 868 binc
973 808 1244 889 primam,
1271 808 1404 868 inde
1425 807 1747 870 secundam
1769 806 2015 870 classem
2038 805 2219 885 longa

316 914 379 965 et
403 905 659 986 simplici
683 905 830 966 serie
860 916 1203 978 annectunt,
1246 907 1333 968 ita
1372 905 1679 967 collocatis
1708 905 1977 977 navibus,
2005 913 2072 965 ut
2094 924 2219 965 om-

319 1004 482 1063 nium
516 1024 702 1085 prorae
738 1003 895 1065 foras
928 1007 1189 1066 obversae
1229 1014 1457 1074 essent3
1523 1005 1881 1085 hexeresque
1917 1021 2224 1085 propemo-

317 1099 460 1160 dum
485 1104 820 1181 conjunctae
848 1104 1016 1175 irent,
1056 1103 1342 1184 proximae
1369 1103 1459 1163 his
1493 1102 1726 1182 longius
1758 1102 1905 1162 inter
1937 1122 2001 1161 se
2030 1099 2219 1179 digre-

317 1196 628 1268 detentum
672 1210 849 1280 atque
886 1201 971 1261 ita
995 1201 1274 1282 deinceps
1298 1201 1555 1282 spatium
1582 1201 1731 1261 inter
1752 1199 1901 1262 duas
1925 1198 2222 1281 oppositas

318 1316 502 1358 naves
525 1297 794 1358 relictum
818 1319 953 1358 cum
981 1300 1121 1379 ipsis
1144 1299 1445 1359 ordinibus
1465 1306 1768 1359 cresceret.
1855 1296 1955 1358 Sic
1981 1296 2221 1360 minimo

317 1396 472 1455 inter
507 1397 726 1476 primas
764 1417 967 1469 naves,
1008 1398 1270 1458 maximo
1313 1398 1464 1457 inter
1515 1405 1839 1478 postremas
1886 1395 2221 1468 intervallo,

317 1514 454 1554 cum
480 1509 560 1554 ex
588 1494 819 1555 duabus
845 1497 972 1557 istis
996 1497 1285 1556 classibus
1307 1496 1499 1556 forma
1525 1503 1791 1556 cuneatae
1832 1494 1981 1555 aciei
2006 1494 2225 1558 effecta

316 1599 494 1662 esset,
523 1593 756 1653 tertiam
781 1592 995 1654 deinde
1024 1593 1313 1672 legionem
1342 1592 1759 1654 admoverunt:
1806 1612 1940 1673 quae
1964 1593 2221 1674 simplici

318 1690 557 1751 navium
588 1690 791 1752 ordine
829 1692 1084 1773 spatium
1124 1691 1278 1752 istud
1320 1692 1470 1753 inter
1506 1692 1727 1773 priores
1759 1690 1910 1752 duas
1953 1700 2221 1772 apertum

317 1797 669 1868 praetexens,
696 1790 1038 1870 triquetram
1053 1792 1233 1852 totius
1258 1791 1409 1851 aciei
1434 1789 1652 1851 faciem
1678 1789 2001 1850 exhiberet.
2045 1788 2219 1850 Pone

315 1885 491 1956 hanc,
520 1907 560 1946 a
581 1896 746 1966 tergo
778 1889 966 1949 tertiae
1004 1889 1230 1959 classis,
1269 1889 1616 1971 hippagines
1653 1888 1889 1948 funibus
1927 1887 2221 1948 tractoriis

318 1982 397 2042 ad
421 2004 606 2046 naves
629 1987 1007 2047 tertianorum
1044 1987 1505 2068 pertingentibus
1537 1986 1796 2048 remulco
1822 1986 2219 2047 trahebantur.

320 2079 621 2143 Postremi
647 2086 907 2145 omnium
934 2086 1117 2145 triarii
1146 2086 1393 2146 navibus
1429 2105 1607 2146 unam
1643 2085 1701 2145 in
1737 2085 1968 2154 seriem,
1994 2081 2100 2143 sed
2126 2103 2219 2142 se·-

317 2179 765 2252 micimularem,
823 2184 1182 2266 exporrectis
1226 2185 1310 2245 ita
1370 2185 1590 2265 priores
1642 2184 1971 2254 ambibant,
2026 2191 2093 2241 ut
2142 2180 2222 2240 ab

316 2286 568 2358 utroque
589 2295 770 2340 cornu
801 2282 1210 2361 prominerent.
1257 2280 1359 2342 Ita
1386 2291 1574 2341 totum
1599 2301 1811 2360 corpus
1834 2279 2023 2339 fronte
2047 2298 2225 2350 cava,

314 2377 622 2456 postremis
647 2378 910 2459 partibus
931 2379 1158 2450 solidis,
1175 2379 1342 2439 rostri
1369 2378 1596 2439 navalis
1615 2376 2055 2440 similitudinem
2071 2397 2219 2457 prae-

317 2471 583 2536 ferebat:
653 2497 767 2538 non
821 2477 1014 2537 minus
1061 2478 1137 2538 ad
1174 2477 1574 2537 sustinendam
1625 2473 2060 2556 impressionem
2115 2472 2221 2534 fir-

319 2590 502 2645 mum,
528 2594 708 2654 quam
735 2575 813 2636 ad
841 2576 1208 2637 inferendam
1236 2574 1454 2636 habile.

397 2679 455 2732 4.
505 2670 630 2732 Sed
674 2672 1251 2754 Carthaginiensium
1291 2673 1493 2743 duces,
1535 2671 1832 2732 Romame
1872 2666 2077 2729 classis
2116 2667 2224 2728 ad·

323 2778 498 2828 ventu
545 2790 651 2851 per
689 2772 1093 2852 exploratores
1133 2772 1391 2851 cognito,
1438 2790 1573 2831 cum
1619 2765 1821 2829 urbem
1860 2785 2025 2826 suam
2061 2763 2225 2825 aditu

321 2864 582 2941 facilem,
636 2869 874 2932 imbelle
919 2870 1151 2949 vulgus,
1195 2868 1627 2954 accolaslleves
1666 2875 1728 2928 et
1769 2863 1846 2926 ad
1880 2862 2223 2923 mutandam

321 2962 496 3025 fidem
525 2987 740 3047 pronos
757 2969 1104 3049 cogitarent,
1122 2969 1358 3028 obviam
1374 2968 1454 3028 ire
1481 2967 1823 3036 decernunt,
1839 2962 2040 3023 omnia
2062 2961 2223 3042 prius

315 3064 573 3145 experiri
598 3066 766 3138 certi,
801 3087 982 3147 quam
1019 3075 1209 3128 tutum
1248 3068 1310 3126 in
1341 3065 1614 3127 Africam
1657 3082 1888 3124 cursum
1928 3058 2221 3122 Romanis

319 3162 569 3223 navibus
616 3165 1033 3244 permitterent.
1120 3163 1312 3243 Igitur
1350 3185 1485 3224 suos
1517 3162 1720 3244 paucis
1761 3158 2074 3228 cohortati,
2120 3166 2136 3192 ‘
2156 3163 2225 3215 ut

316 3279 604 3321 memores
654 3282 769 3322 non
813 3261 889 3323 de
932 3262 1310 3344 praesentibus
1351 3261 1552 3331 modo,
1595 3258 1698 3320 sed
1740 3257 2032 3326 omnibus,
2074 3273 2224 3333 quos

315 3357 475 3419 domi
503 3360 750 3440 quisque
773 3360 1099 3421 carissimos
1124 3359 1425 3429 haberent,
1470 3355 1848 3439 pugnandum
1881 3374 2031 3424 esse,
2058 3348 2221 3411 offir-

315 3458 491 3517 matis
515 3466 578 3517 et
605 3458 898 3519 alacribus
913 3458 1124 3519 animis
1139 3457 1404 3539 praelium
1429 3454 1841 3537 capesserent?
1870 3469 2050 3512 naves
2076 3466 2218 3510 con·

313 3554 622 3625 scendunt,
661 3557 934 3637 bonaque
958 3577 1094 3616 cum
1118 3577 1222 3637 spe
1249 3575 1354 3614 sua
1393 3563 1455 3614 et
1491 3552 1789 3614 navalium
1822 3551 2107 3610 sociorum
2136 3566 2215 3605 ex

319 3660 490 3731 portu
517 3654 865 3715 evehuntur.
954 3652 1175 3733 Neque
1211 3652 1386 3730 longe
1423 3649 1708 3712 Romana
1746 3647 1951 3709 classis
1993 3646 2216 3706 aberat.
2244 3679 2411 3730 Zonar.

325 3747 539 3830 Itaque
567 3751 725 3812 haud
761 3751 961 3832 procul
996 3749 1303 3810 Heraclea
1336 3750 1466 3831 pari
1496 3748 1790 3827 utrimque
1829 3745 2033 3805 robore
2076 3763 2219 3802 con-

323 3848 584 3908 curritur.
1769 3905 1775 3910 ,

401 3952 459 4004 5.
503 3945 682 4005 Poeni
706 3945 887 4006 duces
913 3945 1059 4005 inter
1096 3966 1158 4005 se
1187 3946 1272 4005 ita
1297 3949 1802 4024 comparaverant,
1832 3946 1897 3998 ut
1924 3939 1982 3997 in
2009 3937 2220 3997 dextro
2244 3967 2547 4035 Polym-2⁷.

327 4062 501 4104 cornu
531 4041 762 4104 Hanno
788 4052 1050 4113 curaret;
1109 4046 1263 4122 (erat
1305 4050 1503 4103 autem
1547 4039 1701 4100 idem
1743 4036 1868 4107 ille,
1916 4037 2017 4116 qui
2061 4035 2218 4117 apud

332 4139 718 4220 Agrigentum
747 4141 1058 4203 infeliciter
1084 4142 1515 4223 pugnaverat3)
1552 4136 1762 4198 ceteris
1786 4143 2055 4216 praeeaeet
2084 4133 2222 4193 Ha-

331 4240 547 4303 milcar.
613 4239 827 4304 Nares
853 4249 1050 4302 autem
1076 4259 1213 4301 suas
1235 4236 1643 4302 animadversa
1670 4234 2079 4296 Romanorum
2096 4231 2221 4292 acie
