3025 4892
844 397 1053 447 mslu
1101 398 1272 447 xix.
1320 396 1965 448 summurn-rum.
2331 381 2504 450 1585

294 543 668 605 multitudine
720 544 1019 604 materiem
1084 524 1520 625 apportantium
1583 543 1955 606 nibilominus
2007 564 2182 624 agger

294 625 601 712 cresceret,
647 640 931 720 sossoeque
970 640 1499 721 complanarentur,
1541 641 1749 702 relicto
1790 643 1900 702 isto
1939 641 2183 703 consilio
2283 720 2294 724 ἦ
2325 629 2332 636 ’

296 737 729 797 murum-alium
756 737 1081 797 interiorem
1112 746 1525 798 exstruxerunt
1546 756 1561 796 ε
1581 737 1868 798 indefesso
1893 738 1970 799 ad
1988 740 2185 800 omnia

306 833 667 906 Himilcone,
694 834 818 913 qui,
842 842 1049 914 praeter
1073 836 1356 894 urbanam
1394 833 1847 907 multitudinem,
1890 849 2183 896 mercena·
2239 848 2417 915 Polyb.
2466 866 2507 900 ι.

297 931 513 990 riorum
538 930 744 991 decem
768 929 1028 990 millibus
1068 932 1400 1003 instructus,
1428 916 1552 992 vim
1592 951 1824 992 omnem
1863 930 2182 1011 dolumque
2206 918 2289 966 ⁴²·

296 1026 549 1086 hostium
573 1029 916 1106 sagacitate,
940 1027 1268 1105 vigilantia,
1293 1028 1740 1108 constantiaque
1761 1028 2060 1090 eludebat.

375 1131 436 1184 4.
482 1123 602 1184 Ille
642 1123 789 1184 nibil
833 1144 1021 1205 neque
1061 1126 1358 1188 remissum
1400 1123 1559 1205 apud
1597 1145 1754 1196 suos,
1778 1144 1967 1204 neque
1993 1135 2186 1188 tutum

299 1220 455 1301 apud
497 1221 693 1281 hostes
721 1220 1099 1300 patiebatur:
1140 1222 1416 1302 operibus
1454 1241 1657 1302 opera,
1698 1221 1984 1282 cuniculis
2021 1223 2183 1282 cuni-

299 1315 486 1387 culos,
511 1319 687 1377 armis
711 1336 873 1377 arma
897 1318 1249 1398 opponebat.
1335 1317 1501 1380 Inter
1536 1320 1663 1379 haec
1688 1338 1842 1399 soepe
1867 1320 2183 1399 eruptioni·

300 1413 408 1472 bus
431 1422 782 1495 pugnatum,
809 1414 961 1475 adeo
981 1434 1393 1495 nonnunquam
1418 1414 1710 1487 ferociter,
1757 1424 1825 1475 ut
1854 1414 2012 1475 haud
2041 1435 2186 1496 pau·

298 1510 506 1581 eiures,
535 1531 714 1590 quam
741 1513 909 1590 justa
933 1531 1131 1592 pugna
1154 1511 1365 1574 cadere
1391 1512 1603 1585 solent,
1638 1512 2033 1573 tumultuariis
2064 1513 2191 1572 istis

299 1607 736 1680 certaminibus,
775 1606 1256 1670 desiderarentur.
1342 1608 1511 1670 Inter
1552 1629 1709 1691 quae,
1738 1608 2029 1670 Romanis
2061 1627 2189 1670 mu·
2214 1622 2382 1671 Zonar-
2435 1693 2438 1694 ⁷

300 1723 391 1763 ros
414 1703 885 1777 suffodientibus,
913 1725 1031 1785 quo
1044 1705 1325 1766 .subrutis
1356 1705 1756 1768 fundamentis
1793 1706 2189 1779 conciderent,

300 1799 576 1861 Himilco
610 1820 694 1861 ,ex
714 1801 977 1862 adverso
1017 1802 1317 1863 cuniculos
1360 1805 1457 1883 agi
1491 1803 1691 1883 jussit,
1733 1803 1835 1864 ubi
1883 1801 2194 1863 Romanos

300 1907 513 1957 terram
565 1918 795 1977 egerere
861 1898 1366 1961 animadverterat.
1472 1899 1596 1961 His
1642 1899 1858 1960 deinde
1927 1900 2192 1981 protinus

300 1995 517 2075 apertis
541 2003 794 2054 armatos
810 1994 1070 2066 immisit,
1090 1995 1214 2075 qui,
1241 1996 1428 2058 nudos
1451 2006 1516 2057 et
1537 1998 1699 2078 operi
1725 1997 1978 2060 intentos
1999 1996 2192 2056 subito

302 2091 579 2169 aggressi,
633 2090 849 2151 multos
899 2091 1342 2161 interemerunt3
1423 2114 1614 2174 mque
1656 2094 1981 2175 pauciores,
2048 2092 2190 2152 dum

301 2206 477 2267 opem
502 2187 625 2247 suis
647 2186 820 2248 laturi
846 2188 923 2248 ad
950 2208 1146 2249 muros
1182 2199 1512 2261 accurrunt,
1541 2191 1844 2252 sarmentis
1883 2191 1943 2250 in
1967 2189 2181 2251 fossam

302 2285 609 2363 conjectis,
633 2283 846 2345 deinde
874 2286 1143 2359 incensis,
1168 2296 1630 2348 concremarunt.

383 2388 444 2442 5.
489 2380 805 2443 Gliscebat
821 2391 1018 2443 tamen
1044 2383 1105 2443 in
1142 2383 1351 2444 animis
1387 2384 1751 2444 obsessorum
1792 2403 1975 2464 pavor
2015 2393 2193 2464 atque
2249 2388 2424 2455 Polyb,
2446 2405 2486 2442 ι.

304 2479 728 2539 consternatio:
773 2499 893 2558 qua
936 2480 1104 2540 abusi
1152 2479 1333 2542 duces
1382 2479 1625 2560 quidam
1688 2480 2192 2552 mercenariorum,
2217 2459 2382 2569 aa.

302 2573 601 2654 stipendia
621 2575 735 2636 sibi
748 2595 865 2636 non
888 2596 966 2637 ex
995 2576 1115 2637 fide
1139 2575 1334 2637 soluta
1358 2585 1768 2658 praetexentes,
1793 2577 1870 2637 de
1889 2575 2197 2657 prodenda
2217 2584 2392 2651 Polyb.

308 2667 761 2734 Roman'uurbe
783 2672 1026 2733 consilia
1050 2673 1367 2743 iniverunt3
1410 2674 1648 2734 minime
1676 2672 2035 2744 dubitantes,
2058 2672 2200 2751 quin

308 2786 441 2828 suos
488 2769 738 2849 quisque
777 2768 996 2831 milites
1030 2770 1206 2831 facile
1241 2769 1543 2831 illectums
1585 2778 1740 2830 emet
1777 2769 1855 2830 ad
1898 2769 2203 2850 probanda

311 2885 444 2944 quae
469 2875 814 2944 agerentur:
850 2867 1059 2947 itaque
1085 2877 1258 2930 nocte
1283 2865 1545 2948 quadam
1571 2866 1727 2928 clam
1758 2886 1836 2926 ex
1865 2865 2086 2947 oppido
2125 2866 2203 2926 ad

310 2972 503 3022 castr-a
530 2961 1170 3044 Romanorumelapsi,
1194 2973 1409 3025 statum
1445 2965 1605 3026 urbis
1644 2965 1913 3036 obsessae,
1959 2972 2022 3022 et
2058 2962 2202 3044 quid

310 3058 418 3140 ipsi
461 3069 758 3140 pararent,
797 3070 1207 3141 exposuerunt.
1288 3060 1536 3141 Agebat
1559 3070 1685 3121 tum
1713 3062 1865 3128 inter
1907 3080 2204 3120 mercena·

313 3158 427 3216 rios
451 3157 557 3235 qui
582 3155 833 3237 Lilybaei
877 3166 1046 3218 erant
1083 3156 1328 3220 Alexon
1370 3157 1636 3239 quidam,
1673 3157 1937 3218 Achaeus
1973 3177 2202 3235 genere,

314 3253 609 3333 virneque
623 3254 959 3315 militarium
975 3254 1186 3315 artium
1201 3254 1382 3327 rudis,
1398 3264 1460 3315 et
1476 3256 1728 3315 eximius
1745 3252 1894 3314 fide:
1926 3254 1995 3326 is,
2020 3254 2205 3313 anim-

316 3349 562 3410 adverso
597 3350 955 3430 proditorum
992 3351 1260 3422 consiliu,
1304 3371 1423 3411 rem
1465 3350 1544 3411 ad
1579 3350 1987 3411 Himilconem
2019 3349 2207 3410 conti·

317 3466 430 3508 nuo
453 3446 666 3508 defert.
752 3446 1045 3519 Himilco,
1074 3457 1141 3507 ut
1163 3449 1224 3508 in
1251 3467 1462 3526 magno
1496 3457 1560 3508 et
1600 3448 1836 3508 instanti
1876 3455 2033 3507 metu
2058 3444 2206 3505 nihil

317 3552 661 3614 cunctatus,
675 3542 855 3605 duces
877 3545 1382 3617 mercenariorum,
1409 3554 1558 3625 quot
1582 3565 1785 3608 eorum
1820 3543 2013 3604 adhuc
2043 3541 2207 3622 Lily-

318 3640 429 3701 bei
453 3650 649 3712 erant,
666 3649 991 3702 convocat:
1033 3641 1245 3721 quida
1269 3641 1480 3721 quibus
1504 3650 1759 3702 tentetur
1788 3640 2053 3721 exponit,
2081 3658 2209 3698 eos-

320 3758 433 3818 que
458 3738 717 3817 graviter
744 3738 1006 3798 incusat:
1050 3738 1313 3798 bortatur
1348 3748 1681 3820 praeeentes,
1709 3748 1727 3774 ‘
1757 3758 1831 3798 ne
1867 3733 2213 3796 temeritatis

321 3847 380 3899 et
396 3837 662 3919 perfidiae
690 3836 898 3897 alienae
924 3838 1240 3919 participes
1277 3859 1402 3898 esse
1426 3838 1652 3900 velint:
1696 3837 1755 3898 in
1795 3835 1911 3898 fide
1947 3854 2211 3917 perseve-

324 3937 584 3996 rantibus
624 3936 850 4013 integra
873 3935 1032 4018 apud
1076 3936 1590 4017 Carthaginienses
1612 3938 1832 4009 omnia,
1860 3933 2212 4017 stipendium

325 4042 563 4103 mmm,
585 4033 826 4113 praemia
851 4052 1065 4112 magna
1087 4033 1248 4098 fore:
1290 4033 1636 4115 proditionis
1658 4035 1865 4095 infami
1879 4032 2127 4093 ‘crimine
2152 4051 2214 4090 se

324 4128 835 4200 commaculantes,
890 4139 953 4189 et
1003 4128 1141 4190 Diis
1182 4140 1245 4191 et
1294 4131 1629 4192 hominibus
1673 4131 1933 4192 adversis
1982 4138 2216 4189 acturos

333 4228 489 4287 ense?
572 4225 763 4288 Simul
788 4227 1052 4309 pecuniae
1074 4237 1364 4308 quantum
1388 4247 1596 4308 cogere
1627 4227 1826 4288 istam-
1845 4228 1993 4287 inter
2035 4224 2214 4305 trepi—
2238 4239 2406 4289 zonar-
