3025 4892
1023 382 1170 432 mn.
1213 382 1445 435 xxm.
1491 385 1658 433 cap,
1700 365 1810 433 20.
2166 354 2174 362 ’
2331 368 2507 441 2019

301 527 734 595 omittendam
765 547 900 594 rem
932 548 1205 613 parvam
1238 551 1320 597 ac
1352 532 1562 616 juxta
1593 530 1851 615 magnis
1879 528 2239 609 difficilem,
2270 532 2503 598 absce-

300 631 732 716 dendumque
801 631 959 697 inde
1034 635 1385 712 censebat,
1443 654 1598 700 cum
1661 654 1767 698 res
1816 633 2103 718 majores
2158 634 2505 701 instarent.

300 734 701 810 Marcellae,
723 734 937 801 multa
963 737 1221 819 magnis
1251 737 1536 803 ducibus
1565 737 1741 803 sicut
1764 755 1897 801 non
1921 736 2389 820 aggredienda,
2408 738 2504 804 ita

300 838 512 905 semel
541 839 870 921 aggressis
911 858 1042 903 non
1093 840 1483 907 dimittenda
1518 860 1695 919 esse,
1730 841 2040 919 dicendo,
2072 841 2231 925 quia
2261 859 2502 924 magna

295 940 504 1008 famae
535 948 871 1006 momenta
900 941 967 1006 in
998 950 1348 1027 utramque
1377 951 1638 1027 partem
1666 942 1925 1021 fierent,
1951 945 2182 1018 tenuit,
2205 963 2289 1008 ne
2308 943 2501 1008 irrito

297 1045 569 1127 incepto
596 1044 948 1109 abiretur.⁴
1031 1044 1275 1111 Vineae
1307 1045 1457 1110 iude
1490 1046 1849 1130 omniaque
1889 1046 2026 1112 alia
2054 1066 2334 1130 operum
2364 1064 2500 1111 ma-

295 1147 881 1232 chinationumque
935 1169 1172 1233 genera
1226 1170 1377 1216 cum
1439 1149 1975 1228 admoverentur,
2033 1149 2501 1234 Campanique

297 1250 586 1316 Fabium
644 1258 931 1329 orarent,
988 1261 1064 1317 ut
1121 1254 1309 1319 abire
1374 1253 1680 1337 Capuam
1737 1263 1881 1320 tuto
1937 1254 2208 1332 liceret3
2256 1254 2499 1337 paucis

293 1356 608 1436 egressis,
644 1354 1008 1420 Marcellus
1038 1364 1328 1441 portam,
1361 1377 1499 1442 qua
1548 1358 2074 1440 egrediebantur,
2115 1354 2497 1440 occupavit,

265 1457 654 1542 -caedesque
685 1460 1064 1541 promiscue
1091 1461 1383 1526 omnium
1415 1461 1600 1525 circa
1639 1466 1904 1543 portam
1956 1459 2199 1544 primo,
2231 1455 2496 1536 deinde,

294 1561 654 1644 irruptione
693 1562 895 1636 facta,
928 1563 1130 1628 etiam
1177 1562 1247 1626 in
1302 1564 1465 1628 urbe
1497 1563 1640 1626 fieri
1672 1568 1900 1646 coepta
1928 1568 2051 1626 est.
2141 1558 2496 1645 Quinqua-

292 1663 478 1744 ginta
503 1663 643 1728 fere
673 1665 892 1747 primo
914 1665 1160 1747 egressi
1185 1664 1706 1750 Campanorum,
1724 1684 1875 1729 cum
1909 1663 1995 1728 ad
2024 1663 2310 1728 Fabium
2336 1681 2497 1727 con·

289 1766 645 1849 fugissent,
694 1768 1014 1851 praesidio
1084 1767 1236 1852 ejus
1282 1767 1594 1852 Capuam
1670 1774 2132 1853 pervenerunt.
2250 1765 2493 1832 Casili-
2592 1838 2601 1847 ,

291 1888 475 1948 num,
542 1870 710 1935 inter
776 1871 1117 1954 colloquia
1165 1872 1802 1956 cunctationemque
1853 1871 2218 1955 petentium
2272 1869 2497 1947 fidem,

291 1990 420 2056 per
471 1973 898 2038 occasionem
930 1979 1206 2057 captum
1240 1981 1370 2036 est.
1460 1974 1758 2057 Captivi,
1813 1974 2060 2058 quique
2111 1971 2490 2055 Campano·

287 2096 460 2152 rum,
515 2079 765 2161 quique
828 2076 1233 2142 Hannibalis
1305 2078 1589 2142 militum
1656 2085 1865 2149 erant,
1923 2076 2212 2141 Romam
2275 2074 2490 2150 missi,

283 2185 496 2263 atque
537 2181 633 2245 ibi
674 2182 741 2245 in
790 2199 1060 2246 carcere
1104 2181 1348 2249 inclusi
1380 2188 1578 2247 sunt:
1626 2180 2112 2265 oppidanorum
2145 2177 2340 2242 turba
2369 2194 2494 2259 per

283 2281 604 2348 finitimos
634 2283 934 2368 populos
962 2283 1029 2347 in
1060 2282 1433 2349 custodiam
1469 2284 1715 2349 divisa.

372 2386 483 2451 20.
534 2382 804 2464 Quibus
854 2387 1093 2452 diebus
1122 2407 1166 2451 a
1209 2385 1539 2466 Casilino,
1586 2406 1654 2451 re
1685 2387 1858 2451 bene
1887 2390 2105 2468 gesta,
2147 2404 2490 2450 recessum

281 2494 412 2563 est,
435 2489 538 2553 eis
559 2488 908 2555 Gracchus
937 2492 1005 2554 in
1036 2489 1335 2556 Lucanis
1366 2490 1629 2574 aliquot
1655 2488 1990 2562 cohor-tw,
2016 2489 2084 2552 in
2106 2506 2189 2552 ea
2217 2488 2489 2570 regione

279 2594 733 2678 conscriptas,
765 2613 916 2659 cum
949 2595 1276 2678 praefecto
1308 2595 1647 2659 sociorum
1680 2594 1745 2658 in
1776 2612 1974 2677 agros
1992 2590 2285 2657 hostium
2316 2610 2490 2675 prae-

277 2695 518 2761 datum
571 2696 771 2761 misit.
894 2697 1029 2762 Eos
1082 2695 1293 2762 effuse
1344 2696 1622 2781 palatos
1664 2695 1919 2761 Hanno
1968 2693 2263 2771 adortus,
2309 2692 2487 2759 haud

279 2797 499 2863 multo
547 2798 898 2877 minorem,
929 2819 1133 2885 quam
1183 2797 1268 2862 ad
1301 2798 1767 2864 Beneventum
1793 2805 1817 2845 ⁵
1861 2801 2239 2878 acceperat,
2270 2794 2487 2860 reddi-

279 2899 381 2966 dit
430 2901 614 2967 hosti
663 2902 947 2982 cladem,
994 2910 1196 2987 atque
1242 2902 1314 2966 in
1361 2901 1667 2967 Bruttios
1719 2899 1980 2984 raptim,
2010 2918 2094 2962 ne
2135 2896 2488 2963 Gracchus

277 3012 776 3089 assequeretur,
809 3008 1170 3072 concessit.
1263 3001 1647 3082 Consules,⁶
1675 3001 2049 3068 Marcellus
2075 3008 2269 3078 retro,
2304 3000 2485 3067 unde

277 3119 576 3186 venerat,
624 3108 875 3175 Nolam
923 3109 1127 3192 redit3
1185 3110 1438 3178 Fabius
1469 3110 1540 3173 in
1569 3107 1915 3175 Samnium
1949 3106 2032 3172 ad
2064 3102 2488 3190 populandos

277 3228 480 3293 agros
507 3212 1061 3298 recipiendasque
1089 3214 1315 3292 armis,
1346 3232 1501 3299 quae
1533 3211 1936 3288 defecerant,
1967 3208 2162 3274 urbes
2207 3227 2485 3291 proces-

277 3313 393 3377 sit.
481 3312 826 3380 Caudinus
882 3315 1150 3382 Samnis
1223 3318 1496 3400 gravius
1554 3315 1983 3394 devastatus3
2029 3313 2279 3396 perusti
2354 3312 2485 3377 late

277 3417 482 3500 agri,⁷
500 3418 755 3502 praedae
786 3419 1113 3502 pecudum
1142 3419 1626 3502 hominumque
1655 3425 1855 3482 actae.
1919 3414 2194 3499 Oppida
2225 3416 2292 3479 vi
2320 3435 2486 3500 cap-

278 3527 376 3598 ta,
425 3517 938 3607 Compulteria,¹’
985 3522 1284 3601 Telesia,
1333 3519 1682 3605 Compsa,⁸
1736 3518 1990 3597 Melae,‘¹
2041 3516 2371 3583 Fulsu1ae¹
2414 3524 2485 3582 et
2612 3582 2617 3585 .

1197 3671 1558 3693 NOOMOOOO

280 3755 406 3805 Pnt.
431 3760 486 3803 et
511 3754 635 3806 Pet.
654 3763 738 3806 est
758 3756 964 3821 inceptu.
1015 3756 1267 3806 Delibera
1288 3754 1498 3804 malinae
1524 3754 1620 3803 hoc
1642 3752 1881 3817 accipere
1907 3766 2000 3814 pro
2022 3750 2248 3817 inceptui,
2288 3762 2404 3799 nam
2430 3749 2482 3798 in

279 3818 601 3869 Praefatione
626 3823 786 3871 totius
812 3824 997 3884 operis,
1017 3823 1205 3882 [κάπνη
1224 3817 1459 3884 inc-epm)
1484 3834 1550 3869 an
1572 3819 1797 3869 scribere
1818 3817 2087 3882 inceptum!
2106 3817 2158 3868 J.
2180 3817 2237 3867 F.
2311 3829 2483 3866 ronov.

275 3891 376 3935 -4
410 3885 553 3935 Olim
578 3886 875 3950 legebatur,
894 3888 1069 3944 tenuit,
1089 3903 1152 3937 ne
1172 3888 1356 3949 incepto
1376 3886 1605 3935 abir-etur.
1672 3884 1794 3932 vid.
1818 3884 1945 3933 Not.
1974 3883 2091 3931 Vsr.

341 3957 372 4001 5
409 3950 498 4001 ΑΙ.
530 3968 562 4000 ι
587 3953 968 4003 Beaerema-d
1005 3954 1181 4003 Consul
1204 3954 1335 4002 ΕΜ.
1361 3967 1391 3999 a
1416 3951 1641 4000 Froben.
1667 3950 1732 3999 ad
1764 3949 2091 3999 Groneia—»⁷
2126 3946 2266 3997 Olim
2295 3946 2481 4009 perusti

272 4163 375 4198 rna.
445 4146 653 4199 Dicitur
683 4150 819 4200 enim
852 4164 933 4200 res
966 4148 1122 4199 alicui
1160 4066 1507 4201 ωσοῗ-ΟΤΕΡ
1546 4144 1887 4210 Compulteria]
1928 4145 2138 4194 Fatetur
2161 4143 2369 4193 Cluver.
2390 4141 2478 4192 ubi

267 4225 427 4288 dere3
462 4224 555 4276 sed
574 4236 762 4276 novum
786 4240 848 4277 eo
869 4241 1040 4287 sensu,
1064 4226 1138 4277 rei
1157 4240 1334 4279 succe·
1416 4225 1777 4290 Compulteria
1830 4221 1988 4273 fuerit
2042 4235 2143 4271 non
2201 4224 2440 4270 constare
2461 4237 2477 4270 z

271 4303 418 4355 ⁶0¹0·
1418 4301 1727 4357 Holstenius
1759 4300 1912 4352 docet
1945 4297 2122 4365 oppidi
2161 4296 2478 4363 nominisque
