3025 4892
1011 402 1160 451 mn.
1209 398 1384 451 xxr.
1433 393 1602 452 car.
1646 387 1754 454 19.
2320 385 2492 458 1683

282 550 442 614 fuso
469 552 491 583 ‘
513 547 759 613 bellum
785 544 977 613 dare'
1005 547 1319 627 dixisset,
1353 553 1375 584 ‘
1398 551 1704 634 accipere
1736 547 1838 615 se'
1867 569 2096 615 omnes
2123 553 2490 636 responde-

284 660 466 731 runt,
498 659 519 690 ‘
541 657 632 732 et,
663 651 913 737 quibus
943 652 1322 736 acciperent
1348 653 1614 730 animis,
1643 653 1881 719 iisdem
1912 673 1987 719 se
2005 661 2055 704 ¹⁷
2084 655 2431 737 gesturos?
2460 671 2463 674 ’

373 756 483 823 19.
531 755 708 822 Haeo
740 756 992 820 directa
1018 759 1479 839 percunctatio
1511 775 1593 822 ae
1624 756 2043 822 denuntiatio
2070 758 2232 823 belli
2274 759 2491 846 magis

287 879 374 925 ex
410 860 733 943 dignitate
761 858 1002 943 populi
1021 857 1314 924 Romani
1335 861 1481 924 visa
1500 866 1628 938 est,
1652 879 1853 944 quam
1877 860 1960 925 de
1990 860 2317 927 foederum
2340 862 2493 947 jure

289 963 512 1029 verbis
542 962 944 1047 disceptare,
972 981 1128 1027 eum
1168 971 1346 1042 ante,
1395 968 1531 1028 tum
1565 966 1858 1029 maxime
1887 963 2192 1047 Sagunto
2233 966 2495 1031 excisa.

289 1066 500 1145 Nam,
550 1068 610 1131 si
661 1068 1008 1131 verborum
1051 1064 1596 1152 disceptationis¹
1639 1088 1747 1132 res
1798 1073 2004 1145 esset,
2064 1068 2225 1153 quid
2271 1068 2496 1135 foedus

291 1168 754 1235 Hasdrubalis
778 1168 830 1209 ¹⁸
873 1189 1031 1235 eum
1075 1169 1324 1235 Lutatii
1373 1170 1594 1254 priore
1625 1169 1900 1250 foedere,
1949 1172 2125 1255 quod
2165 1179 2493 1238 mutatum

290 1279 418 1350 est,
449 1272 968 1357 comparandum
1001 1274 1197 1338 erat‘l
1244 1292 1396 1338 eum
1429 1275 1497 1338 in
1524 1273 1784 1340 Lutatii
1813 1273 2067 1340 foedere
2099 1274 2343 1341 diserte
2375 1278 2498 1342 ad-

293 1375 504 1441 ditum
540 1384 740 1452 esset,
787 1378 923 1442 ‘ita
951 1376 1020 1441 id
1053 1384 1266 1443 ratum
1299 1376 1461 1457 sore,
1509 1378 1569 1442 si
1602 1378 1898 1462 populus
1931 1380 2313 1445 censuisset
2326 1378 2382 1444 ‘t’
2425 1380 2498 1444 in

298 1479 759 1544 Hasdrubalis
787 1479 1041 1545 foedere
1068 1498 1193 1545 nee
1224 1485 1591 1565 exceptum
1621 1482 1758 1547 tale
1788 1484 2146 1569 quiequam
2173 1483 2400 1561 fuerit,
2428 1489 2500 1548 et

293 1588 397 1648 tot
425 1601 747 1648 annorum
779 1583 1047 1652 silentio
1074 1584 1170 1650 ita
1196 1584 1353 1650 vivo
1376 1604 1458 1650 eo
1482 1587 1995 1670 comprobatum
2026 1586 2115 1652 sit
2143 1587 2392 1665 foedus,
2422 1592 2501 1653 ut

292 1706 372 1750 ne
423 1691 682 1752 mortuo
737 1687 1008 1770 quidem
1058 1696 1337 1752 auctore
1369 1688 1736 1773 quicquam
1782 1694 2175 1754 mutaretur.
2262 1688 2500 1769 Quan-

293 1807 497 1874 quam
543 1797 628 1868 et,
676 1790 737 1854 si
777 1792 993 1875 priore
1015 1797 1068 1841 ²⁹
1107 1789 1362 1856 foedere
1419 1787 1756 1871 staretur‚¹‘
1800 1791 1968 1875 satis
2023 1797 2295 1855 cautum
2356 1799 2503 1858 erat

295 1890 708 1974 Saguntinis»,
739 1890 941 1957 sociis
965 1897 1394 1978 utrorumque
1426 1894 1759 1977 exceptis.
1848 1894 2031 1962 Nam
2071 1914 2284 1979 neque
2314 1895 2504 1961 addi-

297 2003 441 2058 tum
475 2003 641 2073 erat,
686 1995 836 2074 ‘iis,
865 1997 982 2080 qui
1018 2005 1175 2061 tuno
1199 1996 1462 2075 essent,’
1510 2017 1657 2078 nec,
1702 2001 1828 2062 ‘ne
1858 2000 1977 2085 qui
2019 2006 2261 2083 postea
2310 2019 2504 2064 assu-

297 2100 677 2165 merentur!
765 2099 851 2164 Et
898 2120 1049 2164 cum
1103 2119 1449 2166 assumere
1490 2120 1709 2167 novos
1760 2102 1992 2168 liceret
2045 2105 2295 2181 socioS,
2351 2105 2505 2187 quis

299 2220 564 2286 aequum
597 2211 923 2281 censeret,
955 2210 1073 2268 aut
1098 2204 1188 2268 ob
1234 2206 1418 2270 nulla
1444 2224 1823 2290 quenquam
1873 2207 2112 2271 merita
2151 2207 2219 2269 in
2274 2208 2505 2273 amiei-

299 2305 465 2369 tiam
498 2305 750 2391 recipi'l
792 2314 909 2372 aut
939 2315 1246 2392 receptos
1294 2308 1362 2374 in
1409 2307 1615 2373 fidem
1664 2327 1795 2372 non
1841 2306 2170 2375 defendi'l
2221 2317 2506 2388 tantum,

1211 2473 1581 2497 Oeeeoeeoeeee

299 2575 383 2619 nat
403 2557 545 2632 jassa
565 2569 814 2622 icta.—16
854 2572 944 2637 Ue,
962 2574 1082 2638 quod
1105 2568 1189 2623 dia
1212 2573 1345 2639 conj.
1381 2573 1706 2624 Rauen—1⁷
1739 2573 1805 2622 'rb
1838 2589 1890 2623 se
1928 2581 2048 2624 ante
2076 2580 2298 2637 gesturos
2329 2574 2509 2625 delen·

301 2636 422 2684 dum
453 2643 609 2698 putat
629 2637 820 2688 Bauer.

367 2706 429 2751 18
453 2701 758 2762 Qnidsoedu
777 2702 1114 2763 Hasdrubalis,
1130 2707 1211 2768 ξε.
1244 2719 1275 2754 e
1299 2703 1429 2752 Mas.
1451 2702 1589 2754 Flor.
1612 2710 1665 2753 et
1684 2703 1835 2755 Voss.
1857 2703 2106 2753 suadente
2127 2703 2182 2755 J.
2200 2705 2255 2753 1··.
2274 2704 2504 2756 Gronov.

302 2769 510 2830 recepit
532 2767 694 2817 Drak.
714 2783 809 2831 pro
833 2771 969 2833 vulg.
1001 2771 1122 2833 quod
1141 2771 1305 2831 jadas
1322 2768 1397 2819 H.
1420 2784 1527 2818 can
1548 2769 1611 2818 L.
1631 2783 1682 2833 ρ.
1702 2769 1754 2829 s.
1786 2775 2120 2820 somatutam
2134 2775 2222 2827 est.
2239 2785 2510 2835 comparen-

243 2833 260 2842 “
300 2835 416 2884 dam
433 2847 532 2885 aon
551 2838 677 2897 eret,
697 2838 948 2885 eante-19
970 2835 1125 2900 Vulg.
1162 2836 1445 2899 Quanquam
1466 2836 1559 2884 etsi
1576 2834 1755 2898 priore.
1825 2834 1841 2863 ‘
1865 2833 1926 2884 Si
1951 2837 2109 2899 priore
2130 2834 2328 2895 soederae,
2351 2838 2455 2888 leto
2478 2852 2510 2886 a

1297 2983 1343 3034 N
1354 2981 1517 3034 01·AE

300 3082 418 3131 loeo
451 3086 719 3130 auctores.
785 3081 1108 3132 Electionem
1145 3082 1270 3133 belli
1308 3089 1366 3133 et
1447 3080 1863 3145 Carthaginiensi
1900 3081 2134 3146 percussi
2171 3081 2222 3132 in
2263 3081 2515 3149 Hispania

304 3158 449 3221 paeis
493 3157 742 3208 Romane
779 3159 1023 3223 legationi
1063 3160 1298 3210 relictam
1333 3173 1368 3210 a
1446 3174 1564 3209 eum
1607 3160 1882 3210 Romanis:
1916 3160 2071 3210 aliam
2110 3161 2384 3211 anterioris
2417 3160 2512 3212 sm·

307 3235 823 3299 Carthaginiensibus
863 3236 1028 3287 refert
1064 3252 1182 3289 euru
1221 3239 1367 3289 Livio

303 3313 478 3363 varro
497 3312 636 3374 apud
664 3312 726 3363 A.
759 3311 989 3363 Gellium
1014 3314 1102 3364 lib.
1130 3328 1231 3366 xx.
1251 3330 1367 3381 cap.

304 3392 389 3439 2¹1.
458 3388 563 3456 Sed
587 3388 742 3444 idem,
764 3398 819 3440 et
852 3399 972 3454 post
1001 3406 1117 3441 eum
1141 3392 1368 3457 Pompo-

306 3466 424 3514 nius
456 3464 872 3516 Juriseonsultus
903 3466 954 3516 in
997 3467 1060 3517 1..
1097 3481 1163 3517 u.
1204 3470 1271 3519 Ι).
1298 3468 1367 3518 de

310 3543 461 3606 Orig.
481 3543 595 3594 Jur.
617 3545 648 3608 ς
680 3546 762 3592 87.
787 3544 968 3606 tradit,
991 3552 1218 3595 tesseras
1240 3545 1370 3596 duas

309 3628 579 3682 porrectas
602 3620 1137 3685 Carthaginiensibus,
1169 3623 1222 3671 in
1244 3637 1370 3687 qua·

312 3713 423 3747 rum
448 3698 617 3749 altera
646 3698 883 3756 caducei,
923 3700 973 3748 in
1011 3701 1175 3750 altera
1209 3702 1372 3751 basta!

311 3779 587 3829 simulacra
618 3787 786 3828 esseut
823 3779 1004 3828 inrisa.
1041 3780 1176 3829 Flor.
1199 3780 1287 3829 lib.
1310 3794 1373 3830 ιι.

313 3869 426 3921 esp.
468 3860 520 3905 8.
559 3869 590 3903 a
625 3856 801 3906 Poenis
841 3859 1211 3907 suc-clamatum
1255 3872 1373 3908 esse

314 3933 387 3983 ait
422 3932 610 3988 mam,
645 3932 791 3997 qnasi
825 3933 945 3997 ipsi,
982 3934 1179 3998 rejecta
1224 3950 1376 3999 paee,

315 4010 501 4060 bellum
526 4011 801 4072 elegerint»
889 4025 898 4033 ·

375 4086 391 4122 ¹
423 4086 483 4136 St
513 4087 760 4137 verborum
793 4088 1173 4152 disceptationis]
1205 4089 1261 4139 Si
1299 4105 1379 4140 ra·

320 4165 460 4212 tione
481 4163 757 4226 agendum,
777 4172 832 4214 et
854 4164 1029 4214 verbis
1059 4166 1377 4217 contenden-

320 4242 435 4291 dum
469 4238 674 4304 fuisset,
713 4241 992 4292 constabat
1028 4244 1180 4293 aliam
1215 4242 1378 4296 fnisse

323 4317 668 4369 conditionem
701 4314 911 4370 foederis
941 4319 1009 4374 ab
1046 4320 1378 4373 Hasdrubale

1448 3236 1593 3286 deria
1610 3237 1700 3287 icti
1722 3252 1752 3287 a
1776 3238 1987 3287 Lutatio
2009 3253 2125 3288 rum
2150 3238 2327 3288 Poenis
2353 3239 2406 3288 in
2432 3241 2512 3290 Si·

1447 3313 1745 3378 eilia,quod
1780 3327 1811 3363 a
1846 3313 2088 3363 Romanis
2124 3320 2375 3363 mutatum
2402 3314 2513 3365 fue-

1449 3399 1565 3440 m:
1606 3390 1682 3439 uti
1705 3399 1863 3440 antea
1884 3401 1967 3441 est
1996 3389 2431 3449 demonstratum,
2454 3401 2511 3443 et

1448 3483 1515 3518 ex
1540 3468 1762 3519 decenni
1780 3468 2284 3532 Carthaginiensium
2304 3470 2530 3522 silentio

1449 3546 1728 3595 evincitur.

1513 3619 1539 3656 ¹¹
1564 3623 1688 3672 Etsi
1708 3624 1868 3686 priore
1874 3624 2061 3684 soedere
2082 3622 2317 3686 deretur]
2341 3625 2516 3674 Urita-

1453 3701 1555 3751 tins
1575 3700 1850 3760 estsoederi
1868 3708 2000 3751 stare
2016 3717 2032 3749 .·
2056 3700 2318 3750 indicatur
2340 3709 2515 3751 antem

1449 3778 1536 3829 hic
1561 3770 1698 3842 brius
1729 3778 1917 3834 foedns,
1958 3793 2056 3827 non
2081 3778 2229 3842 quale
2254 3793 2285 3826 a
2308 3779 2519 3830 Lutatio

1451 3855 1658 3917 initum,
1680 3855 1771 3903 sed
1810 3855 1964 3919 quale
2005 3866 2036 3900 a
2070 3854 2263 3917 populo
2288 3853 2519 3906 Romano

1453 3931 1791 3981 reformatum
1813 3929 1987 3980 fuerat
2010 3944 2023 3979 ε
2058 3944 2162 3995 quo
2180 3929 2388 3994 quidem
2425 3929 2518 3981 fte-

1455 4014 1583 4063 dere
1628 4010 2204 4075 comprehendebantur
2259 4011 2518 4075 utrimque

1456 4091 1602 4152 socii,
1624 4103 1726 4139 non
1744 4088 1964 4153 praecise
1982 4087 2069 4152 qui
2093 4096 2215 4136 tnnc
2240 4093 2408 4149 erant,
2425 4087 2518 4136 sed

1457 4167 1770 4230 generaliter
1792 4180 1806 4214 ε
1843 4164 1918 4214 ita
1942 4172 2001 4214 nt
2023 4164 2181 4214 etiam
2205 4163 2366 4215 futuri
2392 4165 2520 4215 set-ll

1460 4260 1523 4296 eo
1543 4243 1800 4295 contineri
1820 4242 2138 4293 viderentur.
