3025 4892
1046 388 1189 436 ms.
1236 385 1464 436 xxxv.
1510 388 1677 437 on.
1723 371 1786 438 1.
2333 368 2506 440 1987

317 541 394 600 ut
419 531 844 598 excluderent
886 534 976 599 ab
1023 537 1192 600 urbe
1235 536 1398 618 suga
1433 535 1834 620 dissipatos,
1875 543 2135 601 turmas
2178 535 2504 621 objoeem.

321 637 486 703 Dux
543 636 709 720 ipse,
759 636 909 701 loco
965 639 1308 721 superiore
1353 645 1583 722 capto,
1629 638 1844 704 unde²
1896 654 2094 721 agros
2143 641 2507 725 urbemque

318 746 566 824 posset
595 741 1007 824 conspicere,
1041 740 1452 807 Bruttiorum
1480 741 1814 808 cohortem
1847 741 2026 807 adire
2057 758 2279 806 muros
2309 750 2507 827 atque

318 858 608 908 evocare
660 842 1002 927 principes
1054 843 1488 909 Locrensium
1543 844 1629 907 ad
1674 845 2092 928 colloquium
2138 840 2366 929 Jussit,
2415 855 2506 921 et,

320 946 717 1028 pollicentes
775 946 1139 1011 amicitiam
1215 945 1653 1025 Hannibalis,
1717 944 2055 1012 adhortari
2120 948 2208 1014 ad
2278 950 2510 1013 urbem

322 1047 733 1115 tradendam.
825 1047 1114 1114 Bruttiis
1157 1049 1226 1113 in
1269 1049 1613 1133 colloquio
1655 1051 1900 1115 nullius
1944 1052 2039 1115 rei
2081 1050 2295 1134 primo
2339 1048 2509 1115 fides

324 1156 470 1215 esti
493 1161 519 1188 ⁸
541 1157 561 1197 ³
608 1149 846 1215 deinde
875 1156 951 1214 ut
980 1150 1233 1216 Poeuus
1256 1144 1567 1236 apparuit
1586 1154 1656 1217 in
1678 1152 1986 1233 collibus,
2015 1159 2082 1217 et
2108 1153 2511 1235 refugientes
2538 1140 2547 1149 ”

324 1252 526 1335 pauci
555 1252 751 1318 aliam
784 1272 1043 1319 omnem
1073 1255 1555 1320 multitudinem
1590 1257 1653 1321 iu
1686 1262 2021 1340 potestate
2049 1256 2337 1322 hostium
2360 1272 2512 1320 esse

326 1353 719 1437 afferebant3
763 1362 925 1434 turn,
977 1362 1151 1422 metu
1204 1359 1388 1435 victi,
1437 1358 1866 1423 consulturos
1924 1378 1996 1422 se
2041 1358 2361 1443 populum
2413 1378 2513 1423 re-

326 1457 756 1539 sponderunt.
840 1458 1330 1545 Advocataque
1370 1462 1710 1545 extemplo
1746 1456 2092 1539 concione,
2125 1478 2271 1526 cum
2310 1472 2382 1527 et
2419 1461 2516 1526 le-

326 1560 648 1624 vissimus
672 1561 965 1646 quisque
989 1581 1197 1628 novas
1228 1582 1335 1629 res
1363 1583 1744 1650 novamque
1768 1566 2168 1631 societatem
2191 1563 2519 1640 mallent,⁴

327 1668 419 1738 et,
450 1681 731 1745 quorum
777 1665 1138 1751 propinqui
1179 1672 1375 1732 extra
1417 1668 1650 1732 urbem
1700 1669 2042 1734 interclusi
2083 1670 2169 1733 ab
2209 1668 2516 1733 hostibus

328 1769 542 1842 erant,
587 1766 773 1831 velut
812 1767 1157 1833 obsidibus
1204 1769 1408 1849 datis,
1448 1772 1828 1854 pigneratos
1876 1770 2191 1835 baberent
2238 1770 2517 1845 animoS,

331 1869 536 1951 pauci
566 1870 780 1952 magis
809 1871 997 1937 taciti
1025 1872 1386 1954 probarent
1426 1882 1847 1951 constantem
1879 1870 2099 1952 fldem,
2133 1888 2333 1959 quam
2368 1888 2519 1955 pro·

330 1971 554 2035 batam
585 1972 1136 2055 tueri.auderent;
1180 1972 1359 2038 haud
1400 1974 1605 2040 dubio
1642 1976 1710 2041 in
1745 1977 2039 2061 speciem
2088 1990 2416 2041 consensu
2444 1973 2523 2038 fit

328 2073 417 2138 ad
469 2073 730 2139 Poenos
773 2073 1077 2140 deditio!
1164 2076 1245 2140 L.
1295 2076 1509 2142 Atilio
1559 2079 1879 2162 praefecto
1921 2075 2242 2163 praesidii,
2271 2077 2522 2160 quique

332 2196 490 2242 cum
525 2197 608 2242 eo
640 2177 886 2242 milites
911 2177 1207 2244 Romani
1235 2191 1452 2257 erant,
1480 2181 1656 2246 clam
1686 2184 1756 2245 in
1790 2187 2055 2266 portum
2087 2180 2394 2245 deductis
2423 2184 2523 2243 at-

331 2298 467 2364 que
508 2278 845 2366 impositis
873 2282 944 2346 in
972 2300 1201 2362 naves,
1239 2290 1320 2348 ut
1354 2283 1693 2367 Rhegium
1721 2282 2221 2358 deveherentur,
2254 2280 2524 2347 Hamil-

332 2402 557 2448 carem
575 2391 599 2430 ⁵
628 2383 1023 2469 Poenosque
1046 2403 1133 2449 ea
1159 2386 1570 2466 conditione,
1587 2393 1661 2451 ut
1688 2385 1914 2452 soedus
1938 2384 2279 2469 extemplo
2309 2380 2525 2467 eequis

333 2485 599 2567 legibus
645 2485 849 2564 fieret,
876 2487 946 2552 in
994 2488 1222 2553 urbem
1263 2495 1679 2573 acceperunt.
1727 2475 1977 2577 §Cujus
2015 2489 2109 2565 rei
2150 2504 2358 2572 prope
2386 2504 2524 2552 non

336 2593 606 2652 servata
635 2587 802 2653 fides
823 2587 1065 2654 deditis
1095 2596 1224 2669 est,
1251 2608 1405 2656 cum
1430 2590 1697 2655 Poenus
1724 2590 1883 2656 dolo
1904 2586 2254 2655 dimissum
2282 2588 2532 2653 Roma·

337 2709 502 2755 num
548 2691 882 2756 incusaret
904 2681 971 2782 ς]
987 2691 1361 2758 Locrenses
1409 2693 1789 2777 pmfflgisse
1826 2692 2047 2778 ipsum
2083 2700 2531 2758 causarentur.

341 2791 646 2858 Insecuti
674 2795 874 2858 etiam
901 2794 1163 2878 equites
1191 2802 1367 2875 sunt,
1397 2797 1456 2861 si
1491 2814 1627 2880 quo
1649 2814 1816 2861 casn
1843 2795 1913 2859 iu
1951 2795 2121 2860 freto
2152 2801 2360 2860 cestus
2386 2808 2529 2858 mo·

340 2897 499 2974 rari,
543 2904 663 2962 aut
708 2896 961 2963 deferre
1002 2917 1207 2963 naves
1235 2901 1305 2965 in
1335 2905 1573 2965 terram
1606 2906 1859 2984 posset.
1916 2897 2034 2962 .Et
2074 2917 2194 2962 eos
2237 2896 2530 2980 quidem,

339 3013 513 3082 quos
543 3003 1016 3084 sequebantur,
1050 3020 1187 3066 non
1225 3012 1380 3068 sunt
1414 3000 1679 3087 adepti:
1726 2996 1898 3067 alias
1926 3020 1967 3066 a
1997 3001 2318 3066 Messana
2346 2999 2529 3084 traji-

341 3102 595 3169 cientes
638 3104 809 3169 sreto
853 3104 1185 3189 Rhegium
1224 3127 1435 3172 naves
1464 3113 1976 3190 conspexerunt.
2067 3100 2324 3168 Milites
2350 3107 2533 3167 erant

345 3204 656 3287 Romani,
708 3227 751 3271 a
796 3206 1085 3273 Claudio
1137 3214 1424 3294 praetore
1473 3206 1665 3274 missi
1705 3206 1791 3273 ad
1835 3206 2255 3274 obtinendam
2301 3204 2528 3271 urbem

345 3495 366 3538 ι
410 3433 436 3457 ⁰
469 3424 617 3473 Initio
639 3423 897 3474 Locrenses
915 3423 1039 3475 nim
1058 3426 1306 3476 credebant
1323 3440 1486 3476 eorum
1505 3441 1613 3491 quae
1628 3441 1659 3476 a
1682 3426 1898 3477 Bruttiis
1914 3404 2008 3490 Μ’
2020 3426 2297 3489 colloquium
2316 3423 2536 3474 diceban·

369 3503 447 3539 nr.

409 3552 432 3586 ὅ
467 3555 722 3616 Cmem,
744 3552 848 3618 qui,
864 3553 975 3605 licet
993 3559 1200 3614 emaus,
1215 3558 1427 3607 dtamen
1445 3560 1604 3606 certus
1623 3562 1670 3607 et
1693 3556 1986 3607 volmarius
2002 3554 2275 3620 apparebat.

1267 3699 1415 3724 m
1420 3699 1626 3722 eeeeeee

347 3814 569 3865 Stroth-⁹
793 3818 905 3866 .-2
938 3816 955 3844 ‘
975 3816 1046 3867 Su
1202 3830 1227 3867 e
1244 3823 1404 3867 castro
1417 3818 1573 3883 ponit,
1595 3819 1719 3868 unde
1742 3816 1874 3866 Edd.
1900 3824 2021 3865 ante
2046 3816 2274 3866 Gronov.
2297 3814 2383 3878 qui
2405 3818 2541 3879 copto

347 3894 412 3929 ex
437 3879 647 3944 ingenio
705 3879 834 3938 edit.
866 3895 982 3931 cum
1006 3896 1040 3946 p
1098 3883 1210 3932 rimi
1234 3883 1521 3948 optimique
1560 3883 1689 3932 Mas.
1727 3878 1788 3930 τὸ
1816 3882 1949 3945 ponit
1974 3877 2255 3931 omittant!
2286 3878 2542 3929 Stroth.—

349 3949 380 3995 3
409 3945 499 3995 Est
520 3945 685 3997 desid.
709 3946 762 3996 in
786 3947 940 3998 Grut.
963 3946 1192 3998 Gronov.
1215 3949 1430 4013 Doujat:
1452 3948 1785 3998 Crevier.—4
1811 3948 1983 3998 Mouet
2007 3946 2142 3996 Edd.
2169 3952 2289 3997 aute
2310 3945 2541 3996 Gronov.

1349 4112 1567 4163 NOTAE

350 4223 786 4288 libromperiore.
818 4222 1224 4274 Ver-omibirem
1247 4232 1410 4276 totam
1494 4227 1641 4273 vius:
1697 4225 1783 4276 bic
1826 4226 1971 4276 velut
2014 4239 2106 4276 suo
2150 4226 2267 4275 loco
2311 4224 2542 4291 pluribus

355 4305 533 4368 paucis
555 4303 607 4351 in
633 4311 958 4353 antecessum
982 4301 1304 4354 indicaverat
1325 4303 1409 4354 Li·
1490 4310 1681 4352 narrat.
