<?xml version="1.0" encoding="UTF-8"?>
<!DOCTYPE html PUBLIC "-//W3C//DTD XHTML 1.0 Transitional//EN"
    "http://www.w3.org/TR/xhtml1/DTD/xhtml1-transitional.dtd">
<html xmlns="http://www.w3.org/1999/xhtml" xml:lang="en" lang="en">
 <head>
  <title>
</title>
<meta http-equiv="Content-Type" content="text/html;charset=utf-8" />
  <meta name='ocr-system' content='tesseract 3.04.00' />
  <meta name='ocr-capabilities' content='ocr_page ocr_carea ocr_par ocr_line ocrx_word'/>
</head>
<body>
  <div class='ocr_page' id='page_1' title='image "./tliviipatavinih04unkngoog_0014.png"; bbox 0 0 3025 4892; ppageno 0'>
   <div class='ocr_carea' id='block_1_1' title="bbox 470 325 1867 393">
    <p class='ocr_par' dir='ltr' id='par_1_1' title="bbox 470 325 1867 393">
     <span class='ocr_line' id='line_1_1' title="bbox 470 325 1867 393; baseline -0.001 -7"><span class='ocrx_word' id='word_1_1' title='bbox 470 325 641 389; x_wconf 79' lang='lat'>1394</span> <span class='ocrx_word' id='word_1_2' title='bbox 1250 337 1315 393; x_wconf 46' lang='grc' dir='ltr'><strong>ις’</strong></span> <span class='ocrx_word' id='word_1_3' title='bbox 1359 338 1867 389; x_wconf 71' lang='lat' dir='ltr'><strong>snsmsnsmu</strong></span> 
     </span>
    </p>
   </div>
   <div class='ocr_carea' id='block_1_2' title="bbox 463 490 2680 3771">
    <p class='ocr_par' dir='ltr' id='par_1_2' title="bbox 463 490 2680 3771">
     <span class='ocr_line' id='line_1_2' title="bbox 463 490 2659 571; baseline 0 -21"><span class='ocrx_word' id='word_1_4' title='bbox 463 492 726 571; x_wconf 83' lang='lat' dir='ltr'><strong>obsequii</strong></span> <span class='ocrx_word' id='word_1_5' title='bbox 778 490 1020 570; x_wconf 75' lang='lat' dir='ltr'><strong>gloriam</strong></span> <span class='ocrx_word' id='word_1_6' title='bbox 1073 498 1374 571; x_wconf 77' lang='lat' dir='ltr'><strong>quaerunt:</strong></span> <span class='ocrx_word' id='word_1_7' title='bbox 1444 490 1584 549; x_wconf 86' lang='lat' dir='ltr'><strong>mihi</strong></span> <span class='ocrx_word' id='word_1_8' title='bbox 1635 490 1994 550; x_wconf 87' lang='lat' dir='ltr'><strong>conscientia</strong></span> <span class='ocrx_word' id='word_1_9' title='bbox 2033 490 2351 561; x_wconf 85' lang='lat' dir='ltr'><strong>suffecerit,</strong></span> <span class='ocrx_word' id='word_1_10' title='bbox 2393 492 2553 571; x_wconf 91' lang='lat' dir='ltr'><strong>quod</strong></span> <span class='ocrx_word' id='word_1_11' title='bbox 2598 501 2659 550; x_wconf 90' lang='lat' dir='ltr'><strong>et</strong></span> 
     </span>
     <span class='ocr_line' id='line_1_3' title="bbox 464 586 2662 660; baseline 0 -13"><span class='ocrx_word' id='word_1_12' title='bbox 464 588 769 648; x_wconf 88' lang='lat' dir='ltr'><strong>scribendo</strong></span> <span class='ocrx_word' id='word_1_13' title='bbox 812 588 944 660; x_wconf 87' lang='lat' dir='ltr'><strong>ista,</strong></span> <span class='ocrx_word' id='word_1_14' title='bbox 970 587 1293 648; x_wconf 88' lang='lat' dir='ltr'><strong>studiorum</strong></span> <span class='ocrx_word' id='word_1_15' title='bbox 1336 587 1600 648; x_wconf 90' lang='lat' dir='ltr'><strong>Tuorum</strong></span> <span class='ocrx_word' id='word_1_16' title='bbox 1631 586 1974 659; x_wconf 87' lang='lat' dir='ltr'><strong>commodis,</strong></span> <span class='ocrx_word' id='word_1_17' title='bbox 2002 598 2064 647; x_wconf 90' lang='lat' dir='ltr'><strong>et</strong></span> <span class='ocrx_word' id='word_1_18' title='bbox 2087 586 2318 649; x_wconf 88' lang='lat' dir='ltr'><strong>edendo</strong></span> <span class='ocrx_word' id='word_1_19' title='bbox 2344 587 2662 648; x_wconf 87' lang='lat' dir='ltr'><strong>voluntatis</strong></span> 
     </span>
     <span class='ocr_line' id='line_1_4' title="bbox 463 683 2659 766; baseline -0.001 -22"><span class='ocrx_word' id='word_1_20' title='bbox 463 684 612 744; x_wconf 79' lang='lat' dir='ltr'><strong>Tuae</strong></span> <span class='ocrx_word' id='word_1_21' title='bbox 662 683 1095 763; x_wconf 75' lang='lat' dir='ltr'><strong>significationi,</strong></span> <span class='ocrx_word' id='word_1_22' title='bbox 1133 706 1263 745; x_wconf 90' lang='lat' dir='ltr'><strong>sum</strong></span> <span class='ocrx_word' id='word_1_23' title='bbox 1317 687 1647 746; x_wconf 76' lang='lat' dir='ltr'><strong>obsecutus.</strong></span> <span class='ocrx_word' id='word_1_24' title='bbox 1731 685 1972 766; x_wconf 82' lang='lat' dir='ltr'>Quippe</span> <span class='ocrx_word' id='word_1_25' title='bbox 2034 705 2169 744; x_wconf 91' lang='lat' dir='ltr'><strong>cum</strong></span> <span class='ocrx_word' id='word_1_26' title='bbox 2235 684 2313 743; x_wconf 88' lang='lat' dir='ltr'><strong>ad</strong></span> <span class='ocrx_word' id='word_1_27' title='bbox 2373 684 2659 745; x_wconf 64' lang='lat' dir='ltr'><strong>Historiae</strong></span> 
     </span>
     <span class='ocr_line' id='line_1_5' title="bbox 466 781 2659 864; baseline 0.002 -25"><span class='ocrx_word' id='word_1_28' title='bbox 466 781 728 842; x_wconf 79' lang='lat' dir='ltr'><strong>Livianae</strong></span> <span class='ocrx_word' id='word_1_29' title='bbox 768 782 1214 843; x_wconf 87' lang='lat' dir='ltr'><strong>committendas</strong></span> <span class='ocrx_word' id='word_1_30' title='bbox 1264 783 1560 864; x_wconf 75' lang='lat' dir='ltr'><strong>reliquias,</strong></span> <span class='ocrx_word' id='word_1_31' title='bbox 1613 784 1672 842; x_wconf 88' lang='lat' dir='ltr'><strong>in</strong></span> <span class='ocrx_word' id='word_1_32' title='bbox 1725 784 1938 863; x_wconf 89' lang='lat' dir='ltr'><strong>quibus</strong></span> <span class='ocrx_word' id='word_1_33' title='bbox 1987 803 2060 843; x_wconf 92' lang='lat' dir='ltr'><strong>eo</strong></span> <span class='ocrx_word' id='word_1_34' title='bbox 2100 792 2361 864; x_wconf 91' lang='lat' dir='ltr'><strong>tempore</strong></span> <span class='ocrx_word' id='word_1_35' title='bbox 2401 782 2659 843; x_wconf 87' lang='lat' dir='ltr'><strong>studiose</strong></span> 
     </span>
     <span class='ocr_line' id='line_1_6' title="bbox 464 877 2660 962; baseline 0.003 -28"><span class='ocrx_word' id='word_1_36' title='bbox 464 877 806 948; x_wconf 75' lang='lat' dir='ltr'><strong>versabaris,</strong></span> <span class='ocrx_word' id='word_1_37' title='bbox 848 878 1005 940; x_wconf 88' lang='lat' dir='ltr'><strong>hunc</strong></span> <span class='ocrx_word' id='word_1_38' title='bbox 1045 881 1211 940; x_wconf 88' lang='lat' dir='ltr'><strong>velut</strong></span> <span class='ocrx_word' id='word_1_39' title='bbox 1247 879 1608 941; x_wconf 89' lang='lat' dir='ltr'><strong>tumultuarii</strong></span> <span class='ocrx_word' id='word_1_40' title='bbox 1659 881 1852 962; x_wconf 87' lang='lat' dir='ltr'><strong>operis</strong></span> <span class='ocrx_word' id='word_1_41' title='bbox 1900 888 2137 961; x_wconf 82' lang='lat' dir='ltr'><strong>pontem</strong></span> <span class='ocrx_word' id='word_1_42' title='bbox 2183 879 2660 949; x_wconf 86' lang='lat' dir='ltr'><strong>construxissem,</strong></span> 
     </span>
     <span class='ocr_line' id='line_1_7' title="bbox 465 975 2658 1058; baseline 0.001 -26"><span class='ocrx_word' id='word_1_43' title='bbox 465 993 571 1052; x_wconf 88' lang='lat' dir='ltr'><strong>pro</strong></span> <span class='ocrx_word' id='word_1_44' title='bbox 610 975 829 1034; x_wconf 83' lang='lat' dir='ltr'><strong>eximia</strong></span> <span class='ocrx_word' id='word_1_45' title='bbox 868 976 973 1036; x_wconf 89' lang='lat' dir='ltr'><strong>illa</strong></span> <span class='ocrx_word' id='word_1_46' title='bbox 999 977 1266 1058; x_wconf 88' lang='lat' dir='ltr'><strong>Orbique</strong></span> <span class='ocrx_word' id='word_1_47' title='bbox 1303 987 1446 1039; x_wconf 89' lang='lat' dir='ltr'><strong>nota</strong></span> <span class='ocrx_word' id='word_1_48' title='bbox 1470 979 1734 1039; x_wconf 89' lang='lat' dir='ltr'><strong>bonitate</strong></span> <span class='ocrx_word' id='word_1_49' title='bbox 1758 977 1913 1048; x_wconf 90' lang='lat' dir='ltr'><strong>Tua,</strong></span> <span class='ocrx_word' id='word_1_50' title='bbox 1947 976 2179 1058; x_wconf 89' lang='lat' dir='ltr'><strong>placere</strong></span> <span class='ocrx_word' id='word_1_51' title='bbox 2209 975 2346 1036; x_wconf 88' lang='lat' dir='ltr'><strong>Tibi</strong></span> <span class='ocrx_word' id='word_1_52' title='bbox 2378 986 2658 1036; x_wconf 87' lang='lat' dir='ltr'><strong>conatum</strong></span> 
     </span>
     <span class='ocr_line' id='line_1_8' title="bbox 464 1072 2659 1153; baseline 0.003 -26"><span class='ocrx_word' id='word_1_53' title='bbox 464 1088 658 1130; x_wconf 91' lang='lat' dir='ltr'><strong>meum</strong></span> <span class='ocrx_word' id='word_1_54' title='bbox 700 1081 916 1134; x_wconf 85' lang='lat' dir='ltr'><strong>testata</strong></span> <span class='ocrx_word' id='word_1_55' title='bbox 952 1094 1037 1145; x_wconf 86' lang='lat' dir='ltr'><strong>es,</strong></span> <span class='ocrx_word' id='word_1_56' title='bbox 1081 1073 1159 1134; x_wconf 89' lang='lat' dir='ltr'><strong>ad</strong></span> <span class='ocrx_word' id='word_1_57' title='bbox 1199 1094 1333 1134; x_wconf 88' lang='lat' dir='ltr'><strong>eum</strong></span> <span class='ocrx_word' id='word_1_58' title='bbox 1376 1072 1578 1145; x_wconf 89' lang='lat' dir='ltr'><strong>finem,</strong></span> <span class='ocrx_word' id='word_1_59' title='bbox 1606 1084 1691 1145; x_wconf 89' lang='lat' dir='ltr'><strong>ut,</strong></span> <span class='ocrx_word' id='word_1_60' title='bbox 1724 1084 2007 1152; x_wconf 81' lang='lat' dir='ltr'><strong>tanquam</strong></span> <span class='ocrx_word' id='word_1_61' title='bbox 2037 1072 2176 1133; x_wconf 86' lang='lat' dir='ltr'><strong>Tibi</strong></span> <span class='ocrx_word' id='word_1_62' title='bbox 2218 1072 2659 1153; x_wconf 78' lang='lat' dir='ltr'><strong>profuisset‚·ad</strong></span> 
     </span>
     <span class='ocr_line' id='line_1_9' title="bbox 465 1164 2662 1252; baseline 0.002 -28"><span class='ocrx_word' id='word_1_63' title='bbox 465 1164 709 1229; x_wconf 88' lang='lat' dir='ltr'><strong>aliorum</strong></span> <span class='ocrx_word' id='word_1_64' title='bbox 734 1172 911 1231; x_wconf 92' lang='lat' dir='ltr'><strong>etiam</strong></span> <span class='ocrx_word' id='word_1_65' title='bbox 933 1170 1244 1231; x_wconf 68' lang='lat' dir='ltr'><strong>utilitatem</strong></span> <span class='ocrx_word' id='word_1_66' title='bbox 1269 1171 1491 1252; x_wconf 84' lang='lat' dir='ltr'><strong>publici</strong></span> <span class='ocrx_word' id='word_1_67' title='bbox 1506 1173 1662 1252; x_wconf 85' lang='lat' dir='ltr'><strong>juris</strong></span> <span class='ocrx_word' id='word_1_68' title='bbox 1686 1171 1810 1232; x_wconf 84' lang='lat' dir='ltr'><strong>fieri</strong></span> <span class='ocrx_word' id='word_1_69' title='bbox 1835 1179 2100 1252; x_wconf 84' lang='lat' dir='ltr'><strong>oportere</strong></span> <span class='ocrx_word' id='word_1_70' title='bbox 2115 1169 2433 1248; x_wconf 85' lang='lat' dir='ltr'><strong>judicares.</strong></span> <span class='ocrx_word' id='word_1_71' title='bbox 2519 1168 2662 1235; x_wconf 82' lang='lat' dir='ltr'><strong>Qua</strong></span> 
     </span>
     <span class='ocr_line' id='line_1_10' title="bbox 464 1264 2662 1347; baseline 0.001 -25"><span class='ocrx_word' id='word_1_72' title='bbox 464 1264 523 1322; x_wconf 90' lang='lat' dir='ltr'><strong>in</strong></span> <span class='ocrx_word' id='word_1_73' title='bbox 565 1284 627 1324; x_wconf 90' lang='lat' dir='ltr'><strong>re</strong></span> <span class='ocrx_word' id='word_1_74' title='bbox 670 1266 1010 1327; x_wconf 89' lang='lat' dir='ltr'><strong>nonnullum</strong></span> <span class='ocrx_word' id='word_1_75' title='bbox 1041 1277 1102 1326; x_wconf 88' lang='lat' dir='ltr'><strong>et</strong></span> <span class='ocrx_word' id='word_1_76' title='bbox 1141 1268 1466 1347; x_wconf 80' lang='lat' dir='ltr'><strong>prudentiae</strong></span> <span class='ocrx_word' id='word_1_77' title='bbox 1491 1267 1644 1329; x_wconf 84' lang='lat' dir='ltr'><strong>Tuae</strong></span> <span class='ocrx_word' id='word_1_78' title='bbox 1674 1277 1737 1327; x_wconf 90' lang='lat' dir='ltr'><strong>et</strong></span> <span class='ocrx_word' id='word_1_79' title='bbox 1773 1267 2146 1346; x_wconf 74' lang='lat' dir='ltr'><strong>benignitatis</strong></span> <span class='ocrx_word' id='word_1_80' title='bbox 2184 1267 2477 1346; x_wconf 83' lang='lat' dir='ltr'><strong>specimen</strong></span> <span class='ocrx_word' id='word_1_81' title='bbox 2504 1267 2662 1326; x_wconf 89' lang='lat' dir='ltr'><strong>visus</strong></span> 
     </span>
     <span class='ocr_line' id='line_1_11' title="bbox 463 1362 2660 1444; baseline 0.001 -25"><span class='ocrx_word' id='word_1_82' title='bbox 463 1380 591 1420; x_wconf 89' lang='lat' dir='ltr'><strong>sum</strong></span> <span class='ocrx_word' id='word_1_83' title='bbox 633 1363 1126 1424; x_wconf 86' lang='lat' dir='ltr'><strong>animadvertere:</strong></span> <span class='ocrx_word' id='word_1_84' title='bbox 1186 1364 1360 1443; x_wconf 85' lang='lat' dir='ltr'><strong>hujus</strong></span> <span class='ocrx_word' id='word_1_85' title='bbox 1401 1366 1460 1423; x_wconf 90' lang='lat' dir='ltr'><strong>in</strong></span> <span class='ocrx_word' id='word_1_86' title='bbox 1502 1385 1596 1436; x_wconf 87' lang='lat' dir='ltr'><strong>eo,</strong></span> <span class='ocrx_word' id='word_1_87' title='bbox 1650 1363 1809 1444; x_wconf 93' lang='lat' dir='ltr'><strong>quod</strong></span> <span class='ocrx_word' id='word_1_88' title='bbox 1858 1362 2101 1423; x_wconf 88' lang='lat' dir='ltr'><strong>volebas</strong></span> <span class='ocrx_word' id='word_1_89' title='bbox 2142 1363 2400 1422; x_wconf 89' lang='lat' dir='ltr'><strong>omnium</strong></span> <span class='ocrx_word' id='word_1_90' title='bbox 2448 1363 2660 1423; x_wconf 87' lang='lat' dir='ltr'><strong>servire</strong></span> 
     </span>
     <span class='ocr_line' id='line_1_12' title="bbox 463 1456 2662 1542; baseline 0 -25"><span class='ocrx_word' id='word_1_91' title='bbox 463 1456 684 1530; x_wconf 90' lang='lat' dir='ltr'><strong>usibus,</strong></span> <span class='ocrx_word' id='word_1_92' title='bbox 723 1480 856 1540; x_wconf 79' lang='lat' dir='ltr'><strong>quoe</strong></span> <span class='ocrx_word' id='word_1_93' title='bbox 883 1461 1111 1542; x_wconf 84' lang='lat' dir='ltr'><strong>proprie</strong></span> <span class='ocrx_word' id='word_1_94' title='bbox 1142 1461 1201 1522; x_wconf 89' lang='lat' dir='ltr'><strong>in</strong></span> <span class='ocrx_word' id='word_1_95' title='bbox 1224 1456 1388 1522; x_wconf 88' lang='lat' dir='ltr'><strong>Tuos</strong></span> <span class='ocrx_word' id='word_1_96' title='bbox 1411 1471 1580 1522; x_wconf 91' lang='lat' dir='ltr'><strong>erant</strong></span> <span class='ocrx_word' id='word_1_97' title='bbox 1604 1469 1778 1529; x_wconf 89' lang='lat' dir='ltr'><strong>nata;</strong></span> <span class='ocrx_word' id='word_1_98' title='bbox 1821 1459 2165 1541; x_wconf 77' lang='lat' dir='ltr'><strong>prudentiae‚</strong></span> <span class='ocrx_word' id='word_1_99' title='bbox 2192 1458 2353 1539; x_wconf 89' lang='lat' dir='ltr'><strong>quod</strong></span> <span class='ocrx_word' id='word_1_100' title='bbox 2377 1459 2436 1518; x_wconf 91' lang='lat' dir='ltr'><strong>in</strong></span> <span class='ocrx_word' id='word_1_101' title='bbox 2463 1478 2662 1519; x_wconf 88' lang='lat' dir='ltr'><strong>recen·</strong></span> 
     </span>
     <span class='ocr_line' id='line_1_13' title="bbox 464 1554 2665 1639; baseline 0.001 -27"><span class='ocrx_word' id='word_1_102' title='bbox 464 1554 622 1614; x_wconf 87' lang='lat' dir='ltr'><strong>tibus</strong></span> <span class='ocrx_word' id='word_1_103' title='bbox 646 1556 736 1616; x_wconf 89' lang='lat' dir='ltr'><strong>his</strong></span> <span class='ocrx_word' id='word_1_104' title='bbox 774 1556 1071 1618; x_wconf 76' lang='lat' dir='ltr'><strong>literarum</strong></span> <span class='ocrx_word' id='word_1_105' title='bbox 1108 1559 1496 1630; x_wconf 84' lang='lat' dir='ltr'><strong>incrementis,</strong></span> <span class='ocrx_word' id='word_1_106' title='bbox 1535 1578 1669 1638; x_wconf 84' lang='lat' dir='ltr'><strong>quae</strong></span> <span class='ocrx_word' id='word_1_107' title='bbox 1710 1557 1845 1618; x_wconf 89' lang='lat' dir='ltr'><strong>Tua</strong></span> <span class='ocrx_word' id='word_1_108' title='bbox 1882 1577 2062 1639; x_wconf 90' lang='lat' dir='ltr'><strong>opera</strong></span> <span class='ocrx_word' id='word_1_109' title='bbox 2099 1556 2349 1636; x_wconf 87' lang='lat' dir='ltr'><strong>Tuoque</strong></span> <span class='ocrx_word' id='word_1_110' title='bbox 2389 1554 2665 1635; x_wconf 83' lang='lat' dir='ltr'><strong>exemplo</strong></span> 
     </span>
     <span class='ocr_line' id='line_1_14' title="bbox 464 1651 2665 1737; baseline 0.001 -27"><span class='ocrx_word' id='word_1_111' title='bbox 464 1651 813 1731; x_wconf 80' lang='lat' dir='ltr'><strong>septemtrio</strong></span> <span class='ocrx_word' id='word_1_112' title='bbox 859 1655 1026 1715; x_wconf 90' lang='lat' dir='ltr'><strong>Tuus</strong></span> <span class='ocrx_word' id='word_1_113' title='bbox 1076 1655 1326 1717; x_wconf 81' lang='lat' dir='ltr'><strong>feliciter</strong></span> <span class='ocrx_word' id='word_1_114' title='bbox 1365 1659 1427 1716; x_wconf 88' lang='lat' dir='ltr'><strong>et</strong></span> <span class='ocrx_word' id='word_1_115' title='bbox 1474 1655 1690 1737; x_wconf 90' lang='lat' dir='ltr'><strong>cupide</strong></span> <span class='ocrx_word' id='word_1_116' title='bbox 1732 1656 1972 1736; x_wconf 87' lang='lat' dir='ltr'><strong>accipit,</strong></span> <span class='ocrx_word' id='word_1_117' title='bbox 2025 1655 2386 1736; x_wconf 81' lang='lat' dir='ltr'><strong>provocabas</strong></span> <span class='ocrx_word' id='word_1_118' title='bbox 2432 1654 2665 1732; x_wconf 76' lang='lat' dir='ltr'><strong>ingenia</strong></span> 
     </span>
     <span class='ocr_line' id='line_1_15' title="bbox 463 1746 2667 1833; baseline 0.002 -27"><span class='ocrx_word' id='word_1_119' title='bbox 463 1746 944 1831; x_wconf 78' lang='lat' dir='ltr'><strong>diligentiamque</strong></span> <span class='ocrx_word' id='word_1_120' title='bbox 973 1753 1294 1825; x_wconf 90' lang='lat' dir='ltr'><strong>hominum,</strong></span> <span class='ocrx_word' id='word_1_121' title='bbox 1329 1753 1537 1814; x_wconf 90' lang='lat' dir='ltr'><strong>limata</strong></span> <span class='ocrx_word' id='word_1_122' title='bbox 1570 1763 1634 1813; x_wconf 90' lang='lat' dir='ltr'><strong>et</strong></span> <span class='ocrx_word' id='word_1_123' title='bbox 1663 1752 1892 1813; x_wconf 84' lang='lat' dir='ltr'><strong>erudita</strong></span> <span class='ocrx_word' id='word_1_124' title='bbox 1920 1752 2138 1833; x_wconf 89' lang='lat' dir='ltr'><strong>scripta</strong></span> <span class='ocrx_word' id='word_1_125' title='bbox 2167 1762 2392 1833; x_wconf 82' lang='lat' dir='ltr'><strong>promte</strong></span> <span class='ocrx_word' id='word_1_126' title='bbox 2424 1750 2667 1811; x_wconf 84' lang='lat' dir='ltr'><strong>edituris</strong></span> 
     </span>
     <span class='ocr_line' id='line_1_16' title="bbox 466 1847 2664 1931; baseline 0.002 -27"><span class='ocrx_word' id='word_1_127' title='bbox 466 1848 823 1921; x_wconf 87' lang='lat' dir='ltr'><strong>auctoribus,</strong></span> <span class='ocrx_word' id='word_1_128' title='bbox 853 1850 902 1910; x_wconf 90' lang='lat' dir='ltr'><strong>si</strong></span> <span class='ocrx_word' id='word_1_129' title='bbox 929 1851 1108 1910; x_wconf 86' lang='lat' dir='ltr'><strong>etiam</strong></span> <span class='ocrx_word' id='word_1_130' title='bbox 1145 1851 1368 1912; x_wconf 89' lang='lat' dir='ltr'><strong>inculta</strong></span> <span class='ocrx_word' id='word_1_131' title='bbox 1398 1852 1511 1912; x_wconf 87' lang='lat' dir='ltr'><strong>ista</strong></span> <span class='ocrx_word' id='word_1_132' title='bbox 1535 1860 1598 1911; x_wconf 91' lang='lat' dir='ltr'><strong>et</strong></span> <span class='ocrx_word' id='word_1_133' title='bbox 1621 1849 1857 1911; x_wconf 89' lang='lat' dir='ltr'><strong>horrida</strong></span> <span class='ocrx_word' id='word_1_134' title='bbox 1878 1849 2196 1910; x_wconf 89' lang='lat' dir='ltr'><strong>clementer</strong></span> <span class='ocrx_word' id='word_1_135' title='bbox 2219 1858 2465 1931; x_wconf 85' lang='lat' dir='ltr'><strong>accepta</strong></span> <span class='ocrx_word' id='word_1_136' title='bbox 2489 1847 2664 1908; x_wconf 86' lang='lat' dir='ltr'><strong>fuisse</strong></span> 
     </span>
     <span class='ocr_line' id='line_1_17' title="bbox 465 1941 2661 2029; baseline 0.001 -28"><span class='ocrx_word' id='word_1_137' title='bbox 465 1941 823 2006; x_wconf 81' lang='lat' dir='ltr'><strong>didicissent.</strong></span> <span class='ocrx_word' id='word_1_138' title='bbox 907 1946 1066 2007; x_wconf 83' lang='lat' dir='ltr'><strong>Cum</strong></span> <span class='ocrx_word' id='word_1_139' title='bbox 1097 1948 1271 2029; x_wconf 75' lang='lat' dir='ltr'><strong>igitur</strong></span> <span class='ocrx_word' id='word_1_140' title='bbox 1299 1948 1536 2011; x_wconf 88' lang='lat' dir='ltr'><strong>videam</strong></span> <span class='ocrx_word' id='word_1_141' title='bbox 1562 1967 1680 2008; x_wconf 90' lang='lat' dir='ltr'><strong>non</strong></span> <span class='ocrx_word' id='word_1_142' title='bbox 1711 1967 1811 2007; x_wconf 88' lang='lat' dir='ltr'><strong>eos</strong></span> <span class='ocrx_word' id='word_1_143' title='bbox 1841 1945 2018 2006; x_wconf 91' lang='lat' dir='ltr'><strong>modo</strong></span> <span class='ocrx_word' id='word_1_144' title='bbox 2048 1945 2150 2025; x_wconf 91' lang='lat' dir='ltr'><strong>qui</strong></span> <span class='ocrx_word' id='word_1_145' title='bbox 2172 1944 2367 2004; x_wconf 91' lang='lat' dir='ltr'><strong>Tuum</strong></span> <span class='ocrx_word' id='word_1_146' title='bbox 2392 1944 2470 2005; x_wconf 92' lang='lat' dir='ltr'><strong>ad</strong></span> <span class='ocrx_word' id='word_1_147' title='bbox 2495 1943 2661 2004; x_wconf 87' lang='lat' dir='ltr'><strong>obse-</strong></span> 
     </span>
     <span class='ocr_line' id='line_1_18' title="bbox 465 2040 2665 2122; baseline 0.001 -24"><span class='ocrx_word' id='word_1_148' title='bbox 465 2041 673 2119; x_wconf 87' lang='lat' dir='ltr'><strong>quium</strong></span> <span class='ocrx_word' id='word_1_149' title='bbox 709 2044 833 2103; x_wconf 88' lang='lat' dir='ltr'><strong>nati</strong></span> <span class='ocrx_word' id='word_1_150' title='bbox 872 2054 1031 2117; x_wconf 88' lang='lat' dir='ltr'><strong>sunt,</strong></span> <span class='ocrx_word' id='word_1_151' title='bbox 1064 2045 1166 2105; x_wconf 87' lang='lat' dir='ltr'><strong>sed</strong></span> <span class='ocrx_word' id='word_1_152' title='bbox 1205 2067 1283 2107; x_wconf 84' lang='lat' dir='ltr'><strong>ex</strong></span> <span class='ocrx_word' id='word_1_153' title='bbox 1325 2045 1728 2108; x_wconf 89' lang='lat' dir='ltr'><strong>diversissimis</strong></span> <span class='ocrx_word' id='word_1_154' title='bbox 1761 2043 2058 2104; x_wconf 85' lang='lat' dir='ltr'><strong>hominum</strong></span> <span class='ocrx_word' id='word_1_155' title='bbox 2100 2050 2278 2121; x_wconf 84' lang='lat' dir='ltr'><strong>atque</strong></span> <span class='ocrx_word' id='word_1_156' title='bbox 2318 2040 2665 2122; x_wconf 90' lang='lat' dir='ltr'><strong>populorum</strong></span> 
     </span>
     <span class='ocr_line' id='line_1_19' title="bbox 465 2138 2663 2222; baseline -0 -25"><span class='ocrx_word' id='word_1_157' title='bbox 465 2139 774 2217; x_wconf 77' lang='lat' dir='ltr'><strong>generibus</strong></span> <span class='ocrx_word' id='word_1_158' title='bbox 797 2141 1136 2222; x_wconf 87' lang='lat' dir='ltr'><strong>permultos,</strong></span> <span class='ocrx_word' id='word_1_159' title='bbox 1156 2142 1438 2204; x_wconf 85' lang='lat' dir='ltr'><strong>mandata</strong></span> <span class='ocrx_word' id='word_1_160' title='bbox 1457 2139 1595 2203; x_wconf 86' lang='lat' dir='ltr'><strong>Tua</strong></span> <span class='ocrx_word' id='word_1_161' title='bbox 1617 2140 1990 2221; x_wconf 88' lang='lat' dir='ltr'><strong>cupidissime</strong></span> <span class='ocrx_word' id='word_1_162' title='bbox 2014 2138 2304 2217; x_wconf 83' lang='lat' dir='ltr'><strong>suscipere</strong></span> <span class='ocrx_word' id='word_1_163' title='bbox 2328 2146 2391 2197; x_wconf 92' lang='lat' dir='ltr'><strong>et</strong></span> <span class='ocrx_word' id='word_1_164' title='bbox 2412 2138 2626 2217; x_wconf 84' lang='lat' dir='ltr'><strong>exequi</strong></span> <span class='ocrx_word' id='word_1_165' title='bbox 2646 2158 2663 2207; x_wconf 78' lang='lat'>3</span> 
     </span>
     <span class='ocr_line' id='line_1_20' title="bbox 467 2232 2666 2320; baseline 0.001 -28"><span class='ocrx_word' id='word_1_166' title='bbox 467 2254 578 2312; x_wconf 81' lang='lat' dir='ltr'><strong>ego</strong></span> <span class='ocrx_word' id='word_1_167' title='bbox 604 2234 664 2294; x_wconf 90' lang='lat' dir='ltr'><strong>in</strong></span> <span class='ocrx_word' id='word_1_168' title='bbox 687 2235 1021 2298; x_wconf 86' lang='lat' dir='ltr'><strong>obediendo</strong></span> <span class='ocrx_word' id='word_1_169' title='bbox 1045 2239 1240 2318; x_wconf 81' lang='lat' dir='ltr'><strong>segnis</strong></span> <span class='ocrx_word' id='word_1_170' title='bbox 1262 2241 1392 2312; x_wconf 88' lang='lat' dir='ltr'><strong>sim,</strong></span> <span class='ocrx_word' id='word_1_171' title='bbox 1420 2240 1524 2320; x_wconf 89' lang='lat' dir='ltr'><strong>qui</strong></span> <span class='ocrx_word' id='word_1_172' title='bbox 1556 2240 1617 2299; x_wconf 91' lang='lat' dir='ltr'><strong>in</strong></span> <span class='ocrx_word' id='word_1_173' title='bbox 1649 2247 1819 2299; x_wconf 82' lang='lat' dir='ltr'><strong>tanto</strong></span> <span class='ocrx_word' id='word_1_174' title='bbox 1850 2235 2315 2297; x_wconf 89' lang='lat' dir='ltr'><strong>fidelissimorum</strong></span> <span class='ocrx_word' id='word_1_175' title='bbox 2339 2232 2666 2294; x_wconf 87' lang='lat' dir='ltr'><strong>addictissi-</strong></span> 
     </span>
     <span class='ocr_line' id='line_1_21' title="bbox 466 2332 2667 2413; baseline -0 -22"><span class='ocrx_word' id='word_1_176' title='bbox 466 2349 805 2413; x_wconf 88' lang='lat' dir='ltr'><strong>morumque</strong></span> <span class='ocrx_word' id='word_1_177' title='bbox 838 2333 1188 2396; x_wconf 82' lang='lat' dir='ltr'><strong>famulorum</strong></span> <span class='ocrx_word' id='word_1_178' title='bbox 1230 2356 1490 2407; x_wconf 90' lang='lat' dir='ltr'><strong>numero,</strong></span> <span class='ocrx_word' id='word_1_179' title='bbox 1534 2344 1639 2396; x_wconf 86' lang='lat' dir='ltr'><strong>aut</strong></span> <span class='ocrx_word' id='word_1_180' title='bbox 1676 2334 1854 2404; x_wconf 87' lang='lat' dir='ltr'><strong>solus,</strong></span> <span class='ocrx_word' id='word_1_181' title='bbox 1898 2341 2002 2393; x_wconf 88' lang='lat' dir='ltr'><strong>aut</strong></span> <span class='ocrx_word' id='word_1_182' title='bbox 2040 2332 2191 2392; x_wconf 88' lang='lat' dir='ltr'><strong>inter</strong></span> <span class='ocrx_word' id='word_1_183' title='bbox 2231 2351 2451 2413; x_wconf 89' lang='lat' dir='ltr'><strong>paucos</strong></span> <span class='ocrx_word' id='word_1_184' title='bbox 2487 2341 2667 2402; x_wconf 87' lang='lat' dir='ltr'><strong>certe,</strong></span> 
     </span>
     <span class='ocr_line' id='line_1_22' title="bbox 466 2428 2669 2511; baseline 0.003 -24"><span class='ocrx_word' id='word_1_185' title='bbox 466 2428 746 2508; x_wconf 88' lang='lat' dir='ltr'><strong>peculiari</strong></span> <span class='ocrx_word' id='word_1_186' title='bbox 776 2431 1033 2510; x_wconf 89' lang='lat' dir='ltr'><strong>quodam</strong></span> <span class='ocrx_word' id='word_1_187' title='bbox 1054 2433 1229 2494; x_wconf 92' lang='lat' dir='ltr'><strong>modo</strong></span> <span class='ocrx_word' id='word_1_188' title='bbox 1248 2454 1342 2494; x_wconf 90' lang='lat' dir='ltr'><strong>me</strong></span> <span class='ocrx_word' id='word_1_189' title='bbox 1366 2433 1574 2493; x_wconf 92' lang='lat' dir='ltr'><strong>Tuum·</strong></span> <span class='ocrx_word' id='word_1_190' title='bbox 1589 2453 1715 2493; x_wconf 86' lang='lat' dir='ltr'><strong>esse</strong></span> <span class='ocrx_word' id='word_1_191' title='bbox 1740 2431 2043 2510; x_wconf 72' lang='lat' dir='ltr'><strong>intelligo?</strong></span> <span class='ocrx_word' id='word_1_192' title='bbox 2126 2429 2273 2490; x_wconf 91' lang='lat' dir='ltr'><strong>Sum</strong></span> <span class='ocrx_word' id='word_1_193' title='bbox 2295 2451 2407 2509; x_wconf 79' lang='lat' dir='ltr'><strong>ego</strong></span> <span class='ocrx_word' id='word_1_194' title='bbox 2432 2430 2669 2511; x_wconf 87' lang='lat' dir='ltr'><strong>quidem</strong></span> 
     </span>
     <span class='ocr_line' id='line_1_23' title="bbox 466 2525 2670 2607; baseline 0.001 -25"><span class='ocrx_word' id='word_1_195' title='bbox 466 2525 752 2602; x_wconf 87' lang='lat' dir='ltr'><strong>ejusdem,</strong></span> <span class='ocrx_word' id='word_1_196' title='bbox 773 2530 942 2607; x_wconf 86' lang='lat' dir='ltr'><strong>cujus</strong></span> <span class='ocrx_word' id='word_1_197' title='bbox 965 2539 1101 2589; x_wconf 89' lang='lat' dir='ltr'><strong>sunt</strong></span> <span class='ocrx_word' id='word_1_198' title='bbox 1125 2538 1188 2591; x_wconf 91' lang='lat' dir='ltr'><strong>et</strong></span> <span class='ocrx_word' id='word_1_199' title='bbox 1209 2531 1440 2591; x_wconf 86' lang='lat' dir='ltr'><strong>omnia:</strong></span> <span class='ocrx_word' id='word_1_200' title='bbox 1485 2549 1594 2590; x_wconf 90' lang='lat' dir='ltr'><strong>nec</strong></span> <span class='ocrx_word' id='word_1_201' title='bbox 1619 2527 1856 2588; x_wconf 86' lang='lat' dir='ltr'><strong>aliunde</strong></span> <span class='ocrx_word' id='word_1_202' title='bbox 1877 2546 2075 2587; x_wconf 88' lang='lat' dir='ltr'><strong>veram</strong></span> <span class='ocrx_word' id='word_1_203' title='bbox 2100 2525 2444 2587; x_wconf 82' lang='lat' dir='ltr'><strong>felicitatem</strong></span> <span class='ocrx_word' id='word_1_204' title='bbox 2459 2537 2522 2587; x_wconf 88' lang='lat' dir='ltr'><strong>et</strong></span> <span class='ocrx_word' id='word_1_205' title='bbox 2545 2527 2670 2586; x_wconf 88' lang='lat' dir='ltr'><strong>sine</strong></span> 
     </span>
     <span class='ocr_line' id='line_1_24' title="bbox 468 2619 2673 2708; baseline 0.001 -29"><span class='ocrx_word' id='word_1_206' title='bbox 468 2619 587 2681; x_wconf 83' lang='lat' dir='ltr'><strong>fine</strong></span> <span class='ocrx_word' id='word_1_207' title='bbox 613 2620 953 2687; x_wconf 87' lang='lat' dir='ltr'><strong>duraturam</strong></span> <span class='ocrx_word' id='word_1_208' title='bbox 979 2628 1280 2708; x_wconf 87' lang='lat' dir='ltr'><strong>opperior:</strong></span> <span class='ocrx_word' id='word_1_209' title='bbox 1323 2646 1513 2707; x_wconf 89' lang='lat' dir='ltr'><strong>neque</strong></span> <span class='ocrx_word' id='word_1_210' title='bbox 1540 2626 1790 2705; x_wconf 80' lang='lat' dir='ltr'><strong>minores</strong></span> <span class='ocrx_word' id='word_1_211' title='bbox 1815 2622 2155 2705; x_wconf 86' lang='lat' dir='ltr'><strong>plerumque</strong></span> <span class='ocrx_word' id='word_1_212' title='bbox 2177 2643 2354 2703; x_wconf 90' lang='lat' dir='ltr'><strong>quam</strong></span> <span class='ocrx_word' id='word_1_213' title='bbox 2376 2644 2481 2704; x_wconf 88' lang='lat' dir='ltr'><strong>pro</strong></span> <span class='ocrx_word' id='word_1_214' title='bbox 2504 2631 2673 2683; x_wconf 82' lang='lat' dir='ltr'><strong>tanta</strong></span> 
     </span>
     <span class='ocr_line' id='line_1_25' title="bbox 467 2719 2674 2804; baseline -0 -25"><span class='ocrx_word' id='word_1_215' title='bbox 467 2737 570 2796; x_wconf 83' lang='lat' dir='ltr'><strong>spe</strong></span> <span class='ocrx_word' id='word_1_216' title='bbox 597 2722 821 2780; x_wconf 86' lang='lat' dir='ltr'><strong>animos</strong></span> <span class='ocrx_word' id='word_1_217' title='bbox 844 2743 1001 2800; x_wconf 78' lang='lat' dir='ltr'><strong>gero.</strong></span> <span class='ocrx_word' id='word_1_218' title='bbox 1087 2724 1211 2784; x_wconf 90' lang='lat' dir='ltr'><strong>Sed</strong></span> <span class='ocrx_word' id='word_1_219' title='bbox 1248 2733 1532 2804; x_wconf 87' lang='lat' dir='ltr'><strong>quantum</strong></span> <span class='ocrx_word' id='word_1_220' title='bbox 1574 2722 1653 2783; x_wconf 88' lang='lat' dir='ltr'><strong>ad</strong></span> <span class='ocrx_word' id='word_1_221' title='bbox 1692 2723 1871 2802; x_wconf 85' lang='lat' dir='ltr'><strong>hujus</strong></span> <span class='ocrx_word' id='word_1_222' title='bbox 1892 2721 2031 2781; x_wconf 81' lang='lat' dir='ltr'><strong>vitae</strong></span> <span class='ocrx_word' id='word_1_223' title='bbox 2062 2719 2255 2781; x_wconf 87' lang='lat' dir='ltr'><strong>officia</strong></span> <span class='ocrx_word' id='word_1_224' title='bbox 2288 2721 2559 2801; x_wconf 85' lang='lat' dir='ltr'><strong>pertinet,</strong></span> <span class='ocrx_word' id='word_1_225' title='bbox 2588 2719 2674 2778; x_wconf 90' lang='lat' dir='ltr'><strong>uti</strong></span> 
     </span>
     <span class='ocr_line' id='line_1_26' title="bbox 468 2814 2673 2899; baseline 0.002 -28"><span class='ocrx_word' id='word_1_226' title='bbox 468 2814 820 2887; x_wconf 80' lang='lat' dir='ltr'><strong>certissimis,</strong></span> <span class='ocrx_word' id='word_1_227' title='bbox 866 2838 974 2880; x_wconf 89' lang='lat' dir='ltr'><strong>nec</strong></span> <span class='ocrx_word' id='word_1_228' title='bbox 1016 2819 1157 2879; x_wconf 92' lang='lat' dir='ltr'><strong>Tibi</strong></span> <span class='ocrx_word' id='word_1_229' title='bbox 1200 2820 1432 2898; x_wconf 79' lang='lat' dir='ltr'><strong>ignotis,</strong></span> <span class='ocrx_word' id='word_1_230' title='bbox 1477 2819 1835 2899; x_wconf 80' lang='lat' dir='ltr'><strong>argumentis</strong></span> <span class='ocrx_word' id='word_1_231' title='bbox 1882 2817 2259 2897; x_wconf 87' lang='lat' dir='ltr'><strong>deprehendi,</strong></span> <span class='ocrx_word' id='word_1_232' title='bbox 2303 2818 2381 2877; x_wconf 91' lang='lat' dir='ltr'><strong>ab</strong></span> <span class='ocrx_word' id='word_1_233' title='bbox 2421 2837 2494 2877; x_wconf 90' lang='lat' dir='ltr'><strong>eo</strong></span> <span class='ocrx_word' id='word_1_234' title='bbox 2533 2816 2673 2876; x_wconf 91' lang='lat' dir='ltr'><strong>Tibi</strong></span> 
     </span>
     <span class='ocr_line' id='line_1_27' title="bbox 469 2911 2670 2996; baseline 0.004 -28"><span class='ocrx_word' id='word_1_235' title='bbox 469 2930 597 2970; x_wconf 89' lang='lat' dir='ltr'><strong>sum</strong></span> <span class='ocrx_word' id='word_1_236' title='bbox 638 2911 908 2975; x_wconf 87' lang='lat' dir='ltr'><strong>donatus.</strong></span> <span class='ocrx_word' id='word_1_237' title='bbox 996 2915 1177 2976; x_wconf 87' lang='lat' dir='ltr'><strong>Unde</strong></span> <span class='ocrx_word' id='word_1_238' title='bbox 1220 2917 1363 2976; x_wconf 87' lang='lat' dir='ltr'><strong>mihi</strong></span> <span class='ocrx_word' id='word_1_239' title='bbox 1397 2925 1675 2977; x_wconf 83' lang='lat' dir='ltr'><strong>constans</strong></span> <span class='ocrx_word' id='word_1_240' title='bbox 1699 2922 2006 2995; x_wconf 85' lang='lat' dir='ltr'><strong>certusque</strong></span> <span class='ocrx_word' id='word_1_241' title='bbox 2048 2915 2286 2976; x_wconf 86' lang='lat' dir='ltr'><strong>vivendi</strong></span> <span class='ocrx_word' id='word_1_242' title='bbox 2310 2936 2523 2996; x_wconf 86' lang='lat' dir='ltr'><strong>scopus</strong></span> <span class='ocrx_word' id='word_1_243' title='bbox 2545 2925 2670 2984; x_wconf 70' lang='lat' dir='ltr'><strong>estz</strong></span> 
     </span>
     <span class='ocr_line' id='line_1_28' title="bbox 472 3009 2674 3092; baseline 0.002 -25"><span class='ocrx_word' id='word_1_244' title='bbox 472 3009 675 3086; x_wconf 89' lang='lat' dir='ltr'><strong>(quem</strong></span> <span class='ocrx_word' id='word_1_245' title='bbox 700 3011 749 3069; x_wconf 89' lang='lat' dir='ltr'><strong>si</strong></span> <span class='ocrx_word' id='word_1_246' title='bbox 788 3031 927 3083; x_wconf 89' lang='lat' dir='ltr'><strong>non,</strong></span> <span class='ocrx_word' id='word_1_247' title='bbox 962 3012 1047 3072; x_wconf 89' lang='lat' dir='ltr'><strong>uti</strong></span> <span class='ocrx_word' id='word_1_248' title='bbox 1073 3011 1287 3073; x_wconf 88' lang='lat' dir='ltr'><strong>vellem</strong></span> <span class='ocrx_word' id='word_1_249' title='bbox 1312 3012 1727 3092; x_wconf 88' lang='lat' dir='ltr'><strong>deberemque,</strong></span> <span class='ocrx_word' id='word_1_250' title='bbox 1753 3031 2097 3092; x_wconf 89' lang='lat' dir='ltr'><strong>consequor,</strong></span> <span class='ocrx_word' id='word_1_251' title='bbox 2138 3032 2348 3092; x_wconf 87' lang='lat' dir='ltr'><strong>sequor</strong></span> <span class='ocrx_word' id='word_1_252' title='bbox 2377 3015 2587 3091; x_wconf 90' lang='lat' dir='ltr'><strong>certe,)</strong></span> <span class='ocrx_word' id='word_1_253' title='bbox 2616 3014 2674 3072; x_wconf 91' lang='lat' dir='ltr'><strong>in</strong></span> 
     </span>
     <span class='ocr_line' id='line_1_29' title="bbox 472 3104 2673 3189; baseline 0.004 -28"><span class='ocrx_word' id='word_1_254' title='bbox 472 3104 543 3163; x_wconf 87' lang='lat' dir='ltr'><strong>iis</strong></span> <span class='ocrx_word' id='word_1_255' title='bbox 584 3126 829 3184; x_wconf 90' lang='lat' dir='ltr'><strong>quorum</strong></span> <span class='ocrx_word' id='word_1_256' title='bbox 874 3110 1074 3187; x_wconf 84' lang='lat' dir='ltr'><strong>jussus</strong></span> <span class='ocrx_word' id='word_1_257' title='bbox 1114 3111 1401 3171; x_wconf 83' lang='lat' dir='ltr'><strong>vetitusve</strong></span> <span class='ocrx_word' id='word_1_258' title='bbox 1444 3108 1652 3170; x_wconf 90' lang='lat' dir='ltr'><strong>modus</strong></span> <span class='ocrx_word' id='word_1_259' title='bbox 1691 3118 1802 3180; x_wconf 89' lang='lat' dir='ltr'><strong>est,</strong></span> <span class='ocrx_word' id='word_1_260' title='bbox 1846 3110 2134 3169; x_wconf 90' lang='lat' dir='ltr'><strong>neminem</strong></span> <span class='ocrx_word' id='word_1_261' title='bbox 2177 3117 2388 3189; x_wconf 81' lang='lat' dir='ltr'><strong>praeter</strong></span> <span class='ocrx_word' id='word_1_262' title='bbox 2430 3108 2673 3181; x_wconf 75' lang='lat' dir='ltr'><strong>DRUM,</strong></span> 
     </span>
     <span class='ocr_line' id='line_1_30' title="bbox 473 3198 2676 3287; baseline 0.002 -28"><span class='ocrx_word' id='word_1_263' title='bbox 473 3200 532 3259; x_wconf 93' lang='lat' dir='ltr'><strong>in</strong></span> <span class='ocrx_word' id='word_1_264' title='bbox 561 3202 880 3263; x_wconf 73' lang='lat' dir='ltr'><strong>arbitr-ariis</strong></span> <span class='ocrx_word' id='word_1_265' title='bbox 903 3214 1101 3265; x_wconf 88' lang='lat' dir='ltr'><strong>autem</strong></span> <span class='ocrx_word' id='word_1_266' title='bbox 1126 3207 1474 3277; x_wconf 87' lang='lat' dir='ltr'><strong>actionibus,</strong></span> <span class='ocrx_word' id='word_1_267' title='bbox 1502 3206 1795 3266; x_wconf 89' lang='lat' dir='ltr'><strong>neminem</strong></span> <span class='ocrx_word' id='word_1_268' title='bbox 1821 3214 2033 3287; x_wconf 81' lang='lat' dir='ltr'><strong>praeter</strong></span> <span class='ocrx_word' id='word_1_269' title='bbox 2056 3201 2146 3266; x_wconf 86' lang='lat' dir='ltr'><strong>Te</strong></span> <span class='ocrx_word' id='word_1_270' title='bbox 2173 3207 2478 3286; x_wconf 89' lang='lat' dir='ltr'><strong>respicere,</strong></span> <span class='ocrx_word' id='word_1_271' title='bbox 2498 3198 2676 3286; x_wconf 86' lang='lat' dir='ltr'><strong>idque</strong></span> 
     </span>
     <span class='ocr_line' id='line_1_31' title="bbox 474 3300 2674 3386; baseline 0.004 -30"><span class='ocrx_word' id='word_1_272' title='bbox 474 3300 729 3361; x_wconf 87' lang='lat' dir='ltr'><strong>maxime</strong></span> <span class='ocrx_word' id='word_1_273' title='bbox 753 3303 953 3362; x_wconf 89' lang='lat' dir='ltr'><strong>conari</strong></span> <span class='ocrx_word' id='word_1_274' title='bbox 997 3302 1297 3386; x_wconf 86' lang='lat' dir='ltr'><strong>perficere,</strong></span> <span class='ocrx_word' id='word_1_275' title='bbox 1326 3303 1486 3386; x_wconf 88' lang='lat' dir='ltr'><strong>quod</strong></span> <span class='ocrx_word' id='word_1_276' title='bbox 1518 3303 1657 3363; x_wconf 91' lang='lat' dir='ltr'><strong>Tibi</strong></span> <span class='ocrx_word' id='word_1_277' title='bbox 1697 3305 1953 3364; x_wconf 84' lang='lat' dir='ltr'><strong>maxime</strong></span> <span class='ocrx_word' id='word_1_278' title='bbox 1989 3301 2221 3384; x_wconf 87' lang='lat' dir='ltr'><strong>placere</strong></span> <span class='ocrx_word' id='word_1_279' title='bbox 2254 3302 2674 3364; x_wconf 83' lang='lat' dir='ltr'><strong>animadverto.</strong></span> 
     </span>
     <span class='ocr_line' id='line_1_32' title="bbox 473 3395 2675 3480; baseline 0.002 -25"><span class='ocrx_word' id='word_1_280' title='bbox 473 3395 682 3477; x_wconf 83' lang='lat' dir='ltr'><strong>Atque</strong></span> <span class='ocrx_word' id='word_1_281' title='bbox 710 3400 823 3461; x_wconf 90' lang='lat' dir='ltr'><strong>hoc</strong></span> <span class='ocrx_word' id='word_1_282' title='bbox 859 3401 1002 3461; x_wconf 87' lang='lat' dir='ltr'><strong>satis</strong></span> <span class='ocrx_word' id='word_1_283' title='bbox 1038 3402 1266 3462; x_wconf 84' lang='lat' dir='ltr'><strong>firmum</strong></span> <span class='ocrx_word' id='word_1_284' title='bbox 1294 3412 1421 3462; x_wconf 87' lang='lat' dir='ltr'><strong>erat</strong></span> <span class='ocrx_word' id='word_1_285' title='bbox 1450 3401 1804 3462; x_wconf 79' lang='lat' dir='ltr'><strong>obedientiae</strong></span> <span class='ocrx_word' id='word_1_286' title='bbox 1830 3400 2329 3480; x_wconf 81' lang='lat' dir='ltr'><strong>venerationisque</strong></span> <span class='ocrx_word' id='word_1_287' title='bbox 2354 3399 2675 3471; x_wconf 86' lang='lat' dir='ltr'><strong>vinculum,</strong></span> 
     </span>
     <span class='ocr_line' id='line_1_33' title="bbox 473 3494 2680 3578; baseline 0.002 -26"><span class='ocrx_word' id='word_1_288' title='bbox 473 3494 700 3555; x_wconf 88' lang='lat' dir='ltr'><strong>etiamsi</strong></span> <span class='ocrx_word' id='word_1_289' title='bbox 733 3508 1018 3578; x_wconf 83' lang='lat' dir='ltr'><strong>praeterea</strong></span> <span class='ocrx_word' id='word_1_290' title='bbox 1058 3500 1233 3560; x_wconf 90' lang='lat' dir='ltr'><strong>nullis</strong></span> <span class='ocrx_word' id='word_1_291' title='bbox 1259 3511 1363 3560; x_wconf 89' lang='lat' dir='ltr'><strong>aut</strong></span> <span class='ocrx_word' id='word_1_292' title='bbox 1400 3500 1714 3561; x_wconf 86' lang='lat' dir='ltr'><strong>virtutibus</strong></span> <span class='ocrx_word' id='word_1_293' title='bbox 1749 3498 2014 3558; x_wconf 88' lang='lat' dir='ltr'><strong>alliceres</strong></span> <span class='ocrx_word' id='word_1_294' title='bbox 2047 3497 2294 3569; x_wconf 88' lang='lat' dir='ltr'><strong>animos,</strong></span> <span class='ocrx_word' id='word_1_295' title='bbox 2322 3507 2426 3558; x_wconf 89' lang='lat' dir='ltr'><strong>aut</strong></span> <span class='ocrx_word' id='word_1_296' title='bbox 2462 3498 2680 3557; x_wconf 84' lang='lat' dir='ltr'><strong>&#39;meritis</strong></span> 
     </span>
     <span class='ocr_line' id='line_1_34' title="bbox 474 3590 2678 3678; baseline 0.002 -29"><span class='ocrx_word' id='word_1_297' title='bbox 474 3590 783 3671; x_wconf 82' lang='lat' dir='ltr'><strong>obligares.</strong></span> <span class='ocrx_word' id='word_1_298' title='bbox 866 3597 1003 3657; x_wconf 88' lang='lat' dir='ltr'><strong>Jam</strong></span> <span class='ocrx_word' id='word_1_299' title='bbox 1057 3618 1196 3659; x_wconf 89' lang='lat' dir='ltr'><strong>vero</strong></span> <span class='ocrx_word' id='word_1_300' title='bbox 1259 3598 1316 3658; x_wconf 93' lang='lat' dir='ltr'><strong>in</strong></span> <span class='ocrx_word' id='word_1_301' title='bbox 1367 3598 1626 3678; x_wconf 85' lang='lat' dir='ltr'><strong>utrisque</strong></span> <span class='ocrx_word' id='word_1_302' title='bbox 1681 3606 1909 3657; x_wconf 88' lang='lat' dir='ltr'><strong>tantum</strong></span> <span class='ocrx_word' id='word_1_303' title='bbox 1959 3605 2067 3666; x_wconf 84' lang='lat' dir='ltr'><strong>est,</strong></span> <span class='ocrx_word' id='word_1_304' title='bbox 2116 3604 2183 3654; x_wconf 88' lang='lat' dir='ltr'><strong>ut</strong></span> <span class='ocrx_word' id='word_1_305' title='bbox 2237 3594 2474 3656; x_wconf 84' lang='lat' dir='ltr'><strong>difficile</strong></span> <span class='ocrx_word' id='word_1_306' title='bbox 2515 3595 2678 3656; x_wconf 91' lang='lat' dir='ltr'><strong>dictu</strong></span> 
     </span>
     <span class='ocr_line' id='line_1_35' title="bbox 475 3689 2678 3771; baseline 0.002 -24"><span class='ocrx_word' id='word_1_307' title='bbox 475 3689 572 3760; x_wconf 89' lang='lat' dir='ltr'><strong>sit,</strong></span> <span class='ocrx_word' id='word_1_308' title='bbox 628 3690 832 3771; x_wconf 91' lang='lat' dir='ltr'><strong>plusne</strong></span> <span class='ocrx_word' id='word_1_309' title='bbox 886 3695 965 3755; x_wconf 92' lang='lat' dir='ltr'><strong>ob</strong></span> <span class='ocrx_word' id='word_1_310' title='bbox 1021 3694 1153 3755; x_wconf 90' lang='lat' dir='ltr'><strong>illas</strong></span> <span class='ocrx_word' id='word_1_311' title='bbox 1199 3696 1472 3756; x_wconf 89' lang='lat' dir='ltr'><strong>inservire</strong></span> <span class='ocrx_word' id='word_1_312' title='bbox 1523 3695 1662 3755; x_wconf 92' lang='lat' dir='ltr'><strong>Tibi</strong></span> <span class='ocrx_word' id='word_1_313' title='bbox 1714 3693 1914 3765; x_wconf 86' lang='lat' dir='ltr'><strong>velim,</strong></span> <span class='ocrx_word' id='word_1_314' title='bbox 1962 3712 2037 3751; x_wconf 89' lang='lat' dir='ltr'><strong>an</strong></span> <span class='ocrx_word' id='word_1_315' title='bbox 2090 3693 2168 3752; x_wconf 94' lang='lat' dir='ltr'><strong>ob</strong></span> <span class='ocrx_word' id='word_1_316' title='bbox 2233 3694 2346 3754; x_wconf 85' lang='lat' dir='ltr'><strong>ista</strong></span> <span class='ocrx_word' id='word_1_317' title='bbox 2406 3693 2678 3753; x_wconf 91' lang='lat' dir='ltr'><strong>debeam.</strong></span> 
     </span>
    </p>
   </div>
   <div class='ocr_carea' id='block_1_3' title="bbox 479 3786 2802 3872">
    <p class='ocr_par' dir='ltr' id='par_1_3' title="bbox 479 3786 2802 3872">
     <span class='ocr_line' id='line_1_36' title="bbox 479 3786 2802 3872; baseline 0.003 -26"><span class='ocrx_word' id='word_1_318' title='bbox 479 3786 686 3848; x_wconf 89' lang='lat' dir='ltr'><strong>Sentio</strong></span> <span class='ocrx_word' id='word_1_319' title='bbox 727 3790 995 3851; x_wconf 87' lang='lat' dir='ltr'><strong>incidisse</strong></span> <span class='ocrx_word' id='word_1_320' title='bbox 1037 3813 1131 3852; x_wconf 90' lang='lat' dir='ltr'><strong>me</strong></span> <span class='ocrx_word' id='word_1_321' title='bbox 1175 3794 1235 3852; x_wconf 91' lang='lat' dir='ltr'><strong>in</strong></span> <span class='ocrx_word' id='word_1_322' title='bbox 1281 3793 1489 3853; x_wconf 91' lang='lat' dir='ltr'><strong>locum.</strong></span> <span class='ocrx_word' id='word_1_323' title='bbox 1509 3792 1849 3872; x_wconf 88' lang='lat' dir='ltr'><strong>ancipitem,</strong></span> <span class='ocrx_word' id='word_1_324' title='bbox 1891 3800 1953 3849; x_wconf 92' lang='lat' dir='ltr'><strong>et</strong></span> <span class='ocrx_word' id='word_1_325' title='bbox 1984 3790 2272 3870; x_wconf 86' lang='lat' dir='ltr'><strong>utrimque</strong></span> <span class='ocrx_word' id='word_1_326' title='bbox 2311 3789 2679 3871; x_wconf 84' lang='lat' dir='ltr'><strong>perplexum.</strong></span> <span class='ocrx_word' id='word_1_327' title='bbox 2793 3810 2802 3821; x_wconf 93' lang='lat'><em>·</em></span> 
     </span>
    </p>
   </div>
   <div class='ocr_carea' id='block_1_4' title="bbox 477 3883 2682 4066">
    <p class='ocr_par' dir='ltr' id='par_1_4' title="bbox 477 3883 2682 4066">
     <span class='ocr_line' id='line_1_37' title="bbox 479 3883 2682 3970; baseline 0 -26"><span class='ocrx_word' id='word_1_328' title='bbox 479 3883 617 3944; x_wconf 88' lang='lat' dir='ltr'><strong>Sive</strong></span> <span class='ocrx_word' id='word_1_329' title='bbox 652 3887 830 3957; x_wconf 90' lang='lat' dir='ltr'><strong>enim,</strong></span> <span class='ocrx_word' id='word_1_330' title='bbox 858 3890 1014 3968; x_wconf 93' lang='lat' dir='ltr'><strong>quod</strong></span> <span class='ocrx_word' id='word_1_331' title='bbox 1055 3891 1253 3970; x_wconf 90' lang='lat' dir='ltr'><strong>cupio,</strong></span> <span class='ocrx_word' id='word_1_332' title='bbox 1298 3888 1573 3969; x_wconf 89' lang='lat' dir='ltr'><strong>quodque</strong></span> <span class='ocrx_word' id='word_1_333' title='bbox 1606 3890 1835 3967; x_wconf 89' lang='lat' dir='ltr'><strong>justum</strong></span> <span class='ocrx_word' id='word_1_334' title='bbox 1876 3894 1984 3957; x_wconf 88' lang='lat' dir='ltr'><strong>est,</strong></span> <span class='ocrx_word' id='word_1_335' title='bbox 2029 3884 2165 3946; x_wconf 89' lang='lat' dir='ltr'><strong>dico</strong></span> <span class='ocrx_word' id='word_1_336' title='bbox 2208 3906 2342 3965; x_wconf 77' lang='lat' dir='ltr'><strong>quae</strong></span> <span class='ocrx_word' id='word_1_337' title='bbox 2383 3887 2682 3960; x_wconf 87' lang='lat' dir='ltr'><strong>constitui,</strong></span> 
     </span>
     <span class='ocr_line' id='line_1_38' title="bbox 477 3980 2680 4066; baseline 0.002 -26"><span class='ocrx_word' id='word_1_338' title='bbox 477 3980 614 4041; x_wconf 88' lang='lat' dir='ltr'><strong>Tibi</strong></span> <span class='ocrx_word' id='word_1_339' title='bbox 661 3981 799 4043; x_wconf 87' lang='lat' dir='ltr'><strong>fiam</strong></span> <span class='ocrx_word' id='word_1_340' title='bbox 842 3985 1214 4065; x_wconf 85' lang='lat' dir='ltr'><strong>injucundus,</strong></span> <span class='ocrx_word' id='word_1_341' title='bbox 1257 4005 1389 4066; x_wconf 68' lang='lat' dir='ltr'><strong>quae</strong></span> <span class='ocrx_word' id='word_1_342' title='bbox 1429 3984 1727 4045; x_wconf 89' lang='lat' dir='ltr'><strong>lubentius</strong></span> <span class='ocrx_word' id='word_1_343' title='bbox 1768 3984 2039 4043; x_wconf 83' lang='lat' dir='ltr'><strong>virtutem</strong></span> <span class='ocrx_word' id='word_1_344' title='bbox 2082 3992 2144 4042; x_wconf 89' lang='lat' dir='ltr'><strong>et</strong></span> <span class='ocrx_word' id='word_1_345' title='bbox 2173 3985 2381 4044; x_wconf 88' lang='lat' dir='ltr'><strong>merita</strong></span> <span class='ocrx_word' id='word_1_346' title='bbox 2416 3993 2680 4064; x_wconf 71' lang='lat' dir='ltr'><strong>praestas,</strong></span> 
     </span>
    </p>
   </div>
   <div class='ocr_carea' id='block_1_5' title="bbox 360 4079 2683 4162">
    <p class='ocr_par' dir='ltr' id='par_1_5' title="bbox 360 4079 2683 4162">
     <span class='ocr_line' id='line_1_39' title="bbox 360 4079 2683 4162; baseline 0.001 -25"><span class='ocrx_word' id='word_1_347' title='bbox 360 4093 380 4109; x_wconf 93' lang='lat'><strong>·</strong></span> <span class='ocrx_word' id='word_1_348' title='bbox 480 4099 655 4158; x_wconf 91' lang='lat' dir='ltr'><strong>quam</strong></span> <span class='ocrx_word' id='word_1_349' title='bbox 714 4080 882 4141; x_wconf 86' lang='lat' dir='ltr'><strong>audis</strong></span> <span class='ocrx_word' id='word_1_350' title='bbox 945 4083 1317 4162; x_wconf 71' lang='lat' dir='ltr'><strong>praestitissez</strong></span> <span class='ocrx_word' id='word_1_351' title='bbox 1388 4083 1511 4143; x_wconf 80' lang='lat' dir='ltr'><strong>sive</strong></span> <span class='ocrx_word' id='word_1_352' title='bbox 1565 4079 1790 4160; x_wconf 91' lang='lat' dir='ltr'><strong>aliquid</strong></span> <span class='ocrx_word' id='word_1_353' title='bbox 1857 4098 1934 4139; x_wconf 84' lang='lat' dir='ltr'><strong>ex</strong></span> <span class='ocrx_word' id='word_1_354' title='bbox 2001 4100 2075 4139; x_wconf 88' lang='lat' dir='ltr'><strong>ea</strong></span> <span class='ocrx_word' id='word_1_355' title='bbox 2131 4081 2683 4141; x_wconf 87' lang='lat' dir='ltr'><strong>commemoratione</strong></span> 
     </span>
    </p>
   </div>
   <div class='ocr_carea' id='block_1_6' title="bbox 479 4174 2680 4258">
    <p class='ocr_par' dir='ltr' id='par_1_6' title="bbox 479 4174 2680 4258">
     <span class='ocr_line' id='line_1_40' title="bbox 479 4174 2680 4258; baseline -0 -22"><span class='ocrx_word' id='word_1_356' title='bbox 479 4175 745 4249; x_wconf 86' lang='lat' dir='ltr'><strong>detraho,</strong></span> <span class='ocrx_word' id='word_1_357' title='bbox 773 4177 1017 4237; x_wconf 85' lang='lat' dir='ltr'><strong>detraho</strong></span> <span class='ocrx_word' id='word_1_358' title='bbox 1041 4178 1263 4258; x_wconf 89' lang='lat' dir='ltr'><strong>aliquid</strong></span> <span class='ocrx_word' id='word_1_359' title='bbox 1291 4176 1485 4238; x_wconf 87' lang='lat' dir='ltr'><strong>officio</strong></span> <span class='ocrx_word' id='word_1_360' title='bbox 1512 4196 1645 4238; x_wconf 90' lang='lat' dir='ltr'><strong>meo</strong></span> <span class='ocrx_word' id='word_1_361' title='bbox 1669 4176 2010 4257; x_wconf 81' lang='lat' dir='ltr'><strong>debitoque,</strong></span> <span class='ocrx_word' id='word_1_362' title='bbox 2039 4174 2285 4237; x_wconf 86' lang='lat' dir='ltr'><strong>detraho</strong></span> <span class='ocrx_word' id='word_1_363' title='bbox 2308 4175 2453 4237; x_wconf 87' lang='lat' dir='ltr'><strong>Tuis</strong></span> <span class='ocrx_word' id='word_1_364' title='bbox 2488 4176 2680 4238; x_wconf 89' lang='lat' dir='ltr'><strong>laudi-</strong></span> 
     </span>
    </p>
   </div>
  </div>
 </body>
</html>
