3025 4892
535 373 705 441 1780
1334 372 1344 381 '
1470 388 1540 435 τ.
1588 387 1776 437 mvn

534 554 727 619 vagae
769 554 888 621 per
931 535 1100 613 vias,
1135 551 1286 620 quae
1335 552 1571 619 repens
1606 533 1833 600 clades
1872 534 2100 612 allata,
2145 552 2434 619 quaeque
2464 533 2737 600 fortuna

535 641 875 704 exercitus
908 645 1111 720 esset,
1136 638 1373 705 obvios
1401 644 1976 722 percunctantur-‚⁴
2061 637 2154 702 Et
2181 657 2330 703 cum
2364 636 2737 723 frequentis

536 743 876 808 concionis
901 742 1100 808 modo
1122 742 1316 808 turba
1333 741 1403 805 in
1428 739 1769 806 comitium
1799 749 1869 806 et
1891 741 2141 805 curiam
2162 759 2363 806 versa
2383 741 2735 823 magistra·-

533 847 654 910 tus‘
692 853 1005 926 vocaret3
1051 845 1318 911 tandem
1369 843 1553 910 hand
1589 845 1801 921 multo
1851 848 2006 910 ante
2054 844 2218 909 solis
2260 862 2582 909 occasum
2624 841 2733 909 M.

539 933 1262 1033 Pomponins'praetor,
1295 952 1313 983 ‘
1335 945 1618 1030 Pugna‚'
1661 947 1903 1033 inquit,
1935 951 1955 980 ‘
1976 965 2219 1028 magna
2244 945 2405 1012 victi
2435 964 2673 1010 sumus
2698 942 2738 1012 ε’

536 1059 624 1128 et,
655 1070 1035 1135 quanquam
1067 1051 1224 1116 nihil
1263 1053 1510 1116 certius
1540 1069 1626 1114 ex
1659 1071 1743 1115 eo
1786 1051 2090 1116 auditum
2121 1056 2246 1126 est,
2285 1056 2511 1113 tamen
2556 1049 2735 1113 alius

535 1156 624 1219 ab
655 1155 791 1220 alio
821 1153 1077 1239 impleti
1104 1154 1479 1224 rumoribus
1510 1152 1748 1219 domos
1778 1155 2095 1231 referunt,
2139 1156 2159 1187 ‘
2184 1152 2525 1217 consulem
2575 1171 2733 1216 cum

534 1276 775 1341 magna
806 1263 995 1341 parte
1026 1257 1371 1342 copiarum
1402 1276 1693 1321 caesum:
1741 1276 2089 1341 superesse
2121 1275 2403 1339 paucos,
2428 1266 2547 1320 ant
2566 1252 2733 1337 fuga

535 1361 794 1444 passim
824 1381 941 1445 per
972 1359 1301 1426 Etruriam
1337 1379 1639 1444 sparsos,
1657 1366 1774 1424 aut
1806 1374 2053 1444 captos
2094 1359 2180 1423 ab
2220 1353 2453 1423 hoste!
2537 1355 2735 1436 Quot

532 1483 732 1528 casus
784 1465 1119 1529 exercitus
1148 1462 1309 1530 victi
1356 1464 1632 1542 fuerant,
1662 1465 1849 1528 totin
1895 1483 2090 1528 curas
2137 1461 2471 1547 dispertiti
2502 1479 2733 1526 eorum

534 1566 735 1632 animi
768 1573 979 1644 erant,
1022 1586 1304 1653 quorum
1357 1568 1718 1652 propinqui
1744 1568 1891 1654 ‘sub
1941 1566 2023 1631 C.
2067 1566 2402 1631 Flaminio
2455 1564 2733 1630 consule

534 1676 927 1747 meruerant,
971 1670 1438 1752 ignorantium,
1472 1690 1626 1754 qnae
1654 1667 1987 1754 cujusque
2015 1687 2279 1736 suorum
2310 1668 2580 1733 fortuna
2625 1687 2735 1734 es-

534 1777 659 1838 set.
748 1771 898 1836 Nec
950 1774 1304 1858 quisquam
1351 1772 1520 1837 satis
1567 1779 1817 1838 certum
1851 1772 2081 1851 habet,
2126 1772 2287 1858 quid
2335 1777 2454 1837 aut
2482 1776 2731 1856 speret,

533 1881 649 1942 aut
678 1876 936 1942 timeat.
1027 1875 1312 1941 Postero
1342 1896 1424 1942 ac
1455 1876 1777 1961 deinceps
1817 1877 2075 1963 aliquot
2099 1875 2341 1941 diebus
2372 1875 2460 1941 ad
2492 1887 2731 1959 portas

529 1978 744 2062 major
773 1997 980 2064 prope
1009 1979 1382 2057 mulierum,
1415 1998 1613 2064 quam
1646 1981 1956 2055 virorum,
1986 1979 2345 2045 multitudo
2371 1980 2581 2055 stetit,
2610 1982 2731 2043 ant

445 2069 452 2078 ⁵
530 2099 803 2147 suornm
834 2083 1145 2167 aliquem,
1177 2088 1295 2148 aut
1325 2082 1596 2148 nuntios
1625 2083 1710 2148 de
1751 2082 1860 2148 his
1889 2083 2287 2168 opperiens:
2323 2081 2730 2147 circumfun-

529 2184 982 2270 debanturque
1027 2186 1250 2252 obviis
1299 2187 1764 2267 sciscitantes;
1829 2205 2046 2270 neque
2097 2185 2325 2264 avelli,
2368 2186 2597 2269 utique
2638 2185 2727 2248 ab

529 2289 731 2368 notis,
790 2290 1000 2374 prius,
1056 2309 1259 2374 quam
1313 2289 1548 2354 ordine
1589 2290 1812 2354 omnia
1869 2288 2326 2375 inquisissent,
2386 2295 2727 2373 poterant.

531 2390 701 2456 Inde
734 2393 952 2457 varios
982 2393 1206 2458 vultus
1234 2391 1740 2476 digredientium
1764 2399 1790 2440 ⁵
1837 2394 1923 2458 ab
1974 2392 2230 2458 nuntiis
2260 2410 2596 2469 cerneres,
2649 2398 2725 2454 ut

531 2497 780 2580 cuique
809 2504 927 2560 aut
969 2496 1138 2561 laeta
1186 2502 1302 2561 aut
1338 2497 1557 2561 tristia
1601 2497 2117 2562 nuntiabantur:
2186 2495 2723 2579 gratulantesque

527 2604 645 2662 aut
691 2599 1114 2664 consolantes
1160 2599 1597 2664 redeuntibus
1643 2599 1884 2665 domos
1920 2597 2390 2666 circumfusos.
2480 2598 2725 2663 Foemi-

395 2707 439 2786 χ’
527 2717 757 2763 narum
790 2701 1125 2785 praecipue
1146 2706 1212 2765 et
1239 2699 1488 2783 gaudia
1505 2702 1806 2786 insignia
1834 2710 2044 2780 erant,
2072 2708 2143 2766 et
2170 2702 2416 2767 luctus,
2509 2700 2721 2766 Unam

526 2803 594 2867 in
627 2802 781 2886 ipsa
809 2808 1027 2887 porta,
1055 2804 1304 2889 sospiti
1356 2805 1496 2871 filio
1540 2815 1814 2890 repente
1843 2804 2195 2884 oblatam,⁶
2233 2805 2302 2870 in
2350 2811 2720 2889 conspectu

527 2906 675 2989 ejus
704 2908 1054 2990 expirasse
1083 2907 1339 2989 ferunt3
1386 2911 1686 2988 alteram,
1727 2908 1839 2975 cui
1866 2926 2048 2974 mors
2075 2908 2196 2974 filii
2224 2908 2394 2973 falso
2423 2907 2722 2973 nuntiata

530 3015 696 3087 erat,
729 3017 1035 3074 moestam
1070 3010 1408 3076 sedentem
1441 3010 1647 3091 domi,
1678 3011 1766 3078 ad
1811 3013 2098 3098 primum
2140 3018 2579 3096 conspectum
2626 3030 2722 3076 re-

530 3112 796 3176 deuntis
835 3110 957 3176 filii
988 3112 1233 3194 gaudio
1261 3112 1466 3178 nimio
1494 3117 1969 3181 exanimatam.
2057 3114 2373 3181 Senatum
2403 3122 2718 3199 praetores

528 3235 648 3301 per
669 3215 814 3281 dies
845 3215 1102 3300 aliquot
1150 3218 1237 3281 ab
1286 3223 1430 3282 orto
1455 3227 1481 3269 ⁷
1528 3239 1746 3308 usque
1792 3219 1879 3284 ad
1931 3217 2345 3283 occidentem
2391 3218 2607 3284 solem
2651 3219 2717 3283 in

529 3321 716 3386 curia
745 3320 1041 3397 retinent,
1073 3321 1552 3401 consultantes,
1587 3342 1879 3407 quonam
1912 3323 2106 3400 duce,
2150 3326 2267 3386 aut
2305 3323 2554 3406 quibus
2604 3341 2715 3388 co-

528 3424 687 3509 piis,
713 3423 934 3490 resisti
966 3424 1329 3488 victoribus
1362 3424 1597 3490 Poenis
1630 3431 1892 3510 posset.

613 3527 677 3592 8.
730 3526 921 3592 Prius
966 3545 1168 3610 quam
1223 3529 1395 3594 satis
1433 3537 1624 3596 certa
1672 3530 1953 3596 consilia
2002 3535 2257 3606 essent,
2306 3548 2544 3612 repens
2585 3527 2715 3593 alia

526 3630 865 3695 nuntiatur
909 3630 1176 3698 clades:
1218 3637 1506 3717 quatuor
1556 3634 1765 3699 millia
1809 3633 2128 3718 equitum,
2165 3649 2319 3696 cum
2367 3630 2449 3695 G.
2478 3630 2709 3696 cente-

526 3735 644 3798 nio
675 3733 699 3772 ⁸
747 3753 869 3816 pro
901 3742 1182 3817 praetore
1207 3735 1416 3800 missa
1436 3736 1523 3800 ad
1553 3737 1871 3818 collegam
1902 3736 1988 3800 ab
2010 3734 2293 3799 Servilio
2324 3734 2612 3811 consule,
2638 3732 2708 3795 in

530 3834 865 3915 Umbria,¹’
907 3856 1043 3920 quo
1068 3843 1229 3924 post
1258 3857 1553 3923 pugnam
1583 3839 1670 3905 ad
1701 3839 2172 3905 Trasimenum
2203 3836 2505 3902 auditam
2531 3853 2707 3900 aver-

1448 4036 1594 4057 oeteo
1601 4036 1805 4058 Omen

526 4152 717 4212 quatur
737 4144 950 4197 Livius!
981 4148 1270 4202 Stroth—8
1308 4152 1388 4200 Ex
1408 4151 1543 4200 mio
1564 4151 1702 4216 conj.
1723 4151 2030 4201 Emeum—4
2060 4149 2078 4180 ‘
2099 4149 2260 4199 Forte
2278 4146 2707 4212 potuer-bum,

526 4222 617 4260 aut
649 4213 717 4261 eit
752 4226 846 4272 pro
876 4213 1032 4264 esset!
1071 4216 1352 4266 Buten—⁶
1389 4217 1785 4279 Dmedientam
1820 4230 1917 4283 pro
1946 4216 2133 4280 dim-ed.
2169 4216 2404 4280 reposuit
2436 4215 2704 4267 Bauer-*6

527 4276 666 4327 Olim
690 4277 961 4332 obiam—7
1001 4280 1127 4330 Mn.
1151 4279 1264 4331 fere
1286 4296 1463 4333 omnes
1485 4281 1546 4334 ab
1561 4286 1689 4333 ortu.
