3025 4892
516 303 689 371 153⁰
1502 326 1574 374 τ.
1621 327 1809 376 mvn

849 470 1110 547 quinque
1133 478 1196 528 et
1217 469 1421 549 viginti
1448 469 1638 531 millia
1665 470 1975 532 liberorum
1999 472 2285 553 capitum,
2312 472 2373 531 in
2399 473 2737 533 servitutem

553 564 703 615 Diod.
723 574 775 614 et
846 565 1092 627 venditi.
1179 566 1325 627 Hoc
1364 569 1622 628 maxime
1667 567 1843 628 modo
1879 577 2119 648 captum
2155 589 2193 627 a
2236 568 2530 629 Romanis
2555 569 2734 648 Agri-

519 630 657 682 ΟΜ·
847 673 1081 743 gentum
1122 673 1231 736 est,
1276 666 1585 745 septimum
1622 667 1776 725 intra
1815 685 2068 725 mensem
2109 686 2289 746 quam
2324 665 2578 725 offldefi
2619 687 2735 726 coe-

523 762 672 813 Diod.
846 770 1046 842 perat:
1090 781 1304 840 magna
1326 782 1459 822 cum
1488 761 1743 822 utilitate
1763 760 2064 842 gloriaque
2089 761 2293 843 populi
2319 762 2605 833 Romani,
2630 761 2735 822 sed

845 857 1033 918 multa
1073 879 1306 939 quoque
1348 858 1644 938 sanguinis
1683 860 1979 939 impensa:
2021 859 2241 939 quippe
2275 878 2451 939 supra
2492 858 2737 937 triginta

843 954 1141 1014 bominum
1167 955 1357 1015 millia
1378 954 1454 1015 de
1476 954 1777 1017 consulum
1802 955 2064 1016 exercitu
2092 954 2539 1035 Siculorumque
2563 955 2735 1015 auxi-

842 1051 940 1111 liis
964 1053 1113 1111 inter
1137 1051 1306 1111 istam
1331 1050 1695 1113 obsidionem
1721 1054 1887 1113 varia
1906 1062 2069 1133 peste
2096 1052 2408 1133 perierunt.
2485 1052 2632 1119 Qua
2655 1055 2732 1114 de

839 1165 1043 1218 causa,
1071 1148 1245 1208 simul
1269 1148 1410 1229 quia
1434 1148 1582 1208 nihil
1596 1150 1729 1226 jam
1752 1168 1980 1228 magnoe
2001 1149 2086 1209 rei
2105 1149 2182 1209 ob
2204 1149 2473 1229 hyemem
2497 1151 2735 1230 propin-

519 1249 688 1301 Zona.
843 1265 1021 1326 quam
1047 1247 1261 1326 suscipi
1289 1254 1542 1327 poterat,
1572 1245 1911 1306 Messanam
1934 1245 2249 1307 redierunt.

925 1348 1025 1402 59.
1085 1342 1270 1403 Anno
1309 1341 1523 1403 deinde
1563 1344 1832 1422 proximo
1848 1340 1876 1377 ¹·
1925 1362 2063 1403 cum
2104 1341 2345 1421 imperio
2397 1343 2628 1402 iverunt
2674 1345 2734 1403 in

517 1426 650 1480 ΒΨ·
671 1429 787 1482 ¹⁰¹¹·
846 1437 1111 1499 Siciliam
1141 1439 1211 1499 L.
1234 1439 1513 1500 Valerius
1540 1439 1634 1499 Μ.
1664 1439 1735 1500 F.
1765 1439 1859 1499 M.
1884 1437 1975 1499 N.
2005 1438 2277 1509 FlaccuS‚
2318 1446 2383 1498 et
2420 1437 2496 1498 T.
2525 1433 2734 1500 Otaci-

842 1536 958 1596 lius
991 1536 1067 1596 C.
1098 1535 1169 1599 F.
1200 1537 1294 1597 M.
1324 1535 1413 1597 N.
1442 1535 1690 1597 Crassus
1729 1535 2017 1606 consules,
2059 1535 2346 1616 prioribus
2380 1534 2630 1595 ducibus
2655 1537 2734 1596 ad

523 1626 688 1677 ²0⁰⁸¹·
843 1651 1007 1713 spem
1021 1633 1297 1714 triumphi
1315 1632 1577 1693 Romam
1595 1633 1882 1712 digressis.
1941 1631 2452 1710 carthaginienses
2468 1631 2732 1711 quidem,

841 1727 1028 1790 classe
1054 1739 1334 1811 tauquam
1359 1729 1438 1791 ad
1463 1729 1811 1790 vastandam
1859 1728 2103 1789 Italiam
2142 1729 2336 1798 missa,
2385 1747 2568 1789 novos
2590 1749 2733 1789 con-

840 1825 995 1886 sules
1019 1846 1057 1886 a
1083 1825 1304 1889 Siciliae
1326 1847 1468 1887 cura
1490 1826 1766 1887 distinere
1789 1826 2166 1907 cupiverant:
2208 1823 2313 1884 sed
2340 1824 2381 1884 ii
2404 1824 2735 1885 constitutis

846 1923 1067 1983 circum
1095 1922 1295 1984 littora
1319 1922 1509 2003 globis
1537 1923 1810 1994 militum,
1852 1923 1955 2002 qui
1993 1920 2296 2004 praedones
2320 1932 2604 1992 arcerent,
2648 1923 2735 1981 ni·

517 2005 561 2053 P
562 2007 694 2071 olyb.
846 2018 1160 2079 hilominus
1194 2020 1252 2079 in
1293 2020 1544 2081 insulam
1570 2022 2011 2100 transjecerunt.
2093 2017 2263 2077 Tunc
2286 2038 2521 2098 quoqne
2547 2017 2735 2079 multa

844 2111 1173 2175 Siculorum
1199 2116 1418 2198 oppida
1457 2117 1518 2176 in
1560 2114 1737 2177 fidem
1778 2126 2038 2197 recepta,
2079 2114 2297 2175 receuti
2332 2113 2522 2174 cladis
2546 2115 2733 2194 Agri-

842 2211 1094 2287 gentinoe
1133 2214 1409 2295 exemplo
1456 2223 1520 2274 et
1562 2222 1756 2274 metu:
1814 2233 2003 2293 neque
2045 2211 2461 2272 obsistentibus
2501 2211 2731 2284 Ptenis,

515 2302 817 2355 honusti-at.
842 2326 993 2387 quos
1015 2329 1186 2390 super
1210 2310 1475 2391 praelium
1513 2311 1821 2372 adversum
1861 2310 2041 2370 etiam
2082 2308 2393 2369 seditiones
2432 2328 2736 2370 mercena-

516 2374 701 2485 ἓξὲξ*
721 2377 774 2422 ⁶²
841 2405 1057 2465 riorum
1103 2405 1351 2467 militum
1393 2408 1707 2487 angebant,
1753 2404 1952 2467 Gallis
1993 2405 2286 2487 praecipue
2327 2405 2407 2465 ob
2449 2406 2730 2466 mensium

836 2500 1066 2581 aliquot
1114 2502 1408 2584 stipendia
1454 2524 1568 2565 non
1618 2502 1812 2564 soluta
1860 2501 2392 2564 tumultuantibus:
2451 2500 2528 2560 ad
2582 2523 2734 2583 quos

837 2598 1162 2679 puniendos
1185 2600 1451 2661 fraudem
1475 2599 1759 2680 ejusmodi
1788 2608 2150 2661 commentus
2172 2607 2263 2658 est
2288 2596 2535 2658 Hanno.

915 2703 1017 2757 60.
1081 2696 1364 2758 Sermone
1415 2696 1636 2758 blando
1686 2697 1982 2776 mitigatos
2030 2695 2327 2759 modicum
2374 2694 2451 2755 ad
2501 2704 2733 2776 tempus

836 2794 1137 2872 quiescere
1151 2794 1364 2871 jubet:
1406 2794 1519 2854 sibi
1573 2814 1697 2854 esse
1737 2802 1959 2853 certam
1999 2801 2062 2853 et
2098 2792 2485 2873 propinquam
2525 2792 2731 2873 oppidi

836 2889 1148 2967 cujusdam
1197 2888 1508 2970 locupletis
1555 2889 1884 2972 occupandi
1930 2909 2092 2970 spem
2141 2887 2430 2949 ostendit:
2471 2908 2549 2948 ex
2600 2893 2731 2968 ejus

835 2986 1038 3066 praeda
1081 2985 1378 3046 cumulate
1421 2985 1619 3047 Gallis
1657 2987 1833 3047 etiam
1879 3007 1984 3068 pro
2022 2984 2323 3046 solutionis
2356 3005 2522 3044 mora
2559 2987 2728 3046 satis-

836 3080 1057 3143 factum
1088 3083 1156 3143 iri
1196 3081 1527 3145 confirmat.
1612 3083 1713 3145 Ita
1750 3083 1968 3145 sedatis
2011 3081 2150 3152 illis,
2198 3081 2469 3162 adeoque
2505 3084 2731 3160 gratias

835 3180 1165 3259 agentibus,
1217 3189 1549 3263 opportuno
1597 3192 1879 3262 tempore,
1946 3200 2081 3240 cnm
2130 3177 2529 3259 dispensatore
2594 3200 2725 3250 suo,

833 3296 1009 3356 quem
1061 3278 1322 3339 habebat
1369 3276 1791 3347 fidelissimum,
1834 3279 1980 3356 agit,
2026 3285 2090 3335 ut
2136 3275 2331 3356 specie
2384 3274 2723 3354 transfuga,

833 3381 1116 3453 tanquam
1168 3376 1490 3436 rationibus
1543 3374 1892 3445 interversis,
1938 3371 2017 3433 ad
2055 3370 2381 3432 Otacilium
2421 3369 2723 3434 consulem

833 3481 1119 3550 pergeret,
1173 3472 1573 3552 indicaretque
1625 3480 1795 3531 nocte
1844 3470 2116 3551 proxima
2168 3467 2481 3530 Gallorum
2532 3469 2725 3530 millia

509 3570 711 3620 Diodor.
833 3566 1083 3646 quatuor
1122 3568 1201 3629 ad
1239 3570 1447 3630 urbem
1493 3565 1854 3628 Entellinam
1894 3567 2253 3648 proditorum
2293 3585 2473 3646 opera
2512 3566 2721 3648 recipi-

507 3666 717 3719 Fronn'n.
832 3663 1049 3724 endam
1072 3674 1363 3736 venturos,
1391 3664 1600 3724 locatis
1624 3662 1844 3723 insidiis
1866 3663 2269 3725 circumveniri
2297 3683 2486 3743 posse.
2558 3662 2719 3723 Con-

829 3761 920 3820 sul
959 3782 1078 3822 rem
1122 3782 1235 3824 non
1276 3760 1662 3842 spernendam
1694 3761 2028 3833 arbitratus,
2069 3760 2210 3820 licet
2248 3759 2563 3838 transsugae
2606 3780 2719 3820 non

828 3859 1066 3920 omnino
1129 3857 1470 3928 confideret,
1538 3858 1721 3916 mittit
1780 3856 2073 3919 delectam
2123 3845 2371 3918 militum
2439 3875 2712 3917 manum:

1405 4087 1428 4120 ¹⁴
1463 4088 1527 4139 A.
1552 4089 1617 4141 U.
1639 4089 1698 4140 C.
1719 4091 1834 4140 4⁰1.
1873 4090 1935 4142 Α.
1960 4092 2021 4143 C.
2040 4096 2153 4143 261.
