3025 4892
472 341 647 406 1442
1462 355 1532 405 τ.
1585 354 1774 407 mvn

473 525 604 576 pm,
801 504 1044 565 Graec'os
1068 503 1245 586 plena
1270 512 1468 563 erant:
1517 498 1913 583 fugissentqu'e
1939 500 2099 563 haud
2126 501 2327 573 dubie,
2355 502 2464 562 nisi
2489 522 2695 582 quam-

797 604 1045 684 primum
1073 601 1231 662 nudo
1274 601 1467 683 capite
1508 601 1856 680 obequitans
1901 600 2190 682 Pyrrhus,
2241 611 2258 636 ‘
2286 621 2465 681 seque
2499 601 2697 661 vivere

795 710 858 760 et
882 699 1084 760 adesse
1106 705 1123 731 ’
1146 718 1294 760 voce
1321 717 1536 777 magna
1561 707 1827 770 testatus,
1843 698 2188 758 tantundem
2207 696 2440 759 fiduciae
2467 697 2695 758 Roma·

797 797 905 867 niS,
933 806 1216 877 quantum
1243 817 1349 856 suo
1386 795 1560 855 militi
1603 794 1927 855 formidinis
1959 795 2490 876 desperationisque
2532 794 2695 855 dem-

795 893 979 953 sisset.
1066 894 1340 954 Laevinus
1363 892 1566 953 adesse
1592 901 1823 974 tempus
1864 902 2023 953 ratus
2052 912 2172 973 quo
2206 891 2415 952 ultima
2440 889 2698 952 remedia

467 995 634 1047 zonat.
797 990 1176 1071 experiretur,
1205 991 1433 1069 signum
1456 989 1752 1069 equitibus
1774 988 2029 1061 sustulit,
2063 1010 2213 1069 quos
2238 990 2297 1049 in
2324 987 2549 1048 insidiis
2571 987 2695 1049 col-

797 1085 1116 1158 locaverat,
1145 1096 1211 1146 ut
1237 1095 1401 1166 terga
1442 1086 1695 1146 hostium
1732 1086 2105 1146 incurrerent.
2189 1085 2283 1146 At
2325 1086 2594 1166 Pyrrhus
2633 1087 2695 1145 in

507 1188 672 1237 Front.
794 1184 908 1246 hoc
934 1204 1142 1263 agmen
1169 1183 1512 1266 elephantos
1539 1184 1634 1263 agi
1666 1184 1865 1262 jubet,
1900 1184 2055 1264 ipsos
2080 1203 2315 1264 quoque
2341 1184 2399 1242 in
2428 1182 2694 1246 ultimum

468 1251 612 1302 εἴητ’
638 1268 699 1305 ¹¹·
717 1258 768 1305 ⁴⁶
795 1294 1071 1345 terrorem
1095 1286 1349 1347 hostium
1373 1294 1714 1345 reservatos.

875 1391 933 1447 ’7.
978 1383 1056 1445 Id
1083 1384 1389 1445 consilium
1416 1383 1628 1445 afflixit
1651 1403 1784 1464 spes
1832 1382 2159 1453 Romanas,
2185 1390 2575 1462 eventumque
2602 1389 2693 1442 to-

794 1483 909 1542 tius
943 1502 1153 1564 pugnae
1195 1480 1516 1543 secundum
1560 1481 1860 1561 Pyrrhum
1900 1479 2102 1540 dedit:
2155 1499 2292 1539 narn
2332 1489 2394 1539 et
2432 1478 2696 1539 homines

795 1579 904 1660 ipsi
938 1588 1235 1639 vastorum
1265 1598 1573 1659 corporum
1615 1577 1794 1648 mole,
1838 1575 2200 1657 terribilique
2241 1577 2690 1657 superstantium

498 1687 702 1737 Pausan.
733 1690 771 1742 1.
795 1685 1148 1736 armatorum
1171 1675 1365 1756 specie
1395 1683 1715 1759 stupentes,
1746 1673 1995 1755 quodvis
2031 1674 2224 1754 potius
2267 1672 2467 1752 ingens
2490 1682 2552 1732 et
2575 1672 2691 1732 for-

470 1770 512 1803 ¹·
794 1771 1074 1832 midabile
1101 1781 1453 1854 portentum,
1487 1792 1668 1853 quam
1710 1769 2047 1831 animalium
2075 1789 2112 1830 a
2137 1778 2346 1830 namra
2379 1768 2691 1850 producto-

472 1884 604 1934 Flor.
624 1900 663 1937 1.
692 1891 768 1938 ιε.
794 1889 922 1929 rum
963 1869 1211 1930 formam
1254 1869 1453 1930 videre
1497 1868 1884 1929 videbantur:
1927 1875 1990 1927 et
2027 1867 2167 1946 equi
2208 1865 2286 1926 ad
2315 1876 2691 1946 conspectum

499 1976 631 2026 Plan.
647 1990 768 2025 vm.
793 1965 1146 2047 odoremque
1171 1975 1235 2027 et
1268 1965 1572 2027 stridorem
1612 1974 1741 2026 tum
1781 1965 2029 2045 primum
2069 1964 2322 2023 visarum
2363 1961 2689 2023 belluarum

464 2046 532 2155 ΞΒ
535 2120 562 2153 n
566 2121 590 2153 a
595 2122 635 2159 r.
792 2064 1076 2133 exterriti,
1096 2064 1358 2145 protinus
1373 2062 1631 2124 confusis
1644 2061 1963 2131 ordinibu8‚
1984 2079 2105 2141 qua
2120 2061 2332 2140 cuique
2358 2061 2690 2141 proximum

791 2167 938 2232 erat,
966 2160 1425 2242 abripiebantur,
1458 2178 1821 2238 sessoresque
1854 2156 1950 2217 vel
1989 2157 2390 2233 excutiebant,
2417 2155 2512 2217 vel
2539 2155 2688 2215 frus-

789 2265 880 2316 tra
922 2258 1232 2318 renitentes
1272 2277 1469 2319 secum
1512 2256 1857 2318 auferebant
1897 2256 1954 2315 in
2001 2253 2223 2333 fugam,
2268 2262 2331 2314 et
2362 2253 2421 2314 in
2453 2273 2687 2313 suorum

789 2354 987 2414 aciem·
1009 2355 1362 2416 incurrentes
1401 2354 1600 2415 omnia
1641 2352 2028 2434 trepidatione
2063 2349 2435 2431 tumultuque
2481 2351 2686 2410 misce-

789 2450 950 2511 bant.
1035 2451 1324 2514 Insecutis
1370 2452 1816 2533 elephantorum
1856 2447 2195 2518 rectoribus,
2238 2447 2408 2507 multi
2459 2447 2685 2526 fugien-

788 2548 935 2608 tium
961 2551 1039 2609 ab
1067 2550 1158 2622 iis,
1186 2551 1289 2630 qui
1315 2550 1375 2609 in
1408 2549 1664 2611 turribus
1689 2546 2017 2607 belluarum
2043 2533 2456 2616 constiterant}
2479 2543 2700 2605 vulne--

788 2646 898 2706 rati
938 2656 1106 2708 sunt:
1151 2646 1346 2729 plures
1386 2647 1464 2707 ab
1507 2643 1834 2727 elephantis
1875 2643 2035 2724 ipsis
2054 2640 2306 2703 confecti
2351 2642 2686 2723 obtritique.

460 2743 589 2793 Plut.
788 2741 910 2802 Sed
951 2743 1188 2806 consule
1221 2745 1420 2805 omnia
1462 2751 1730 2824 experto,
1763 2740 2097 2801 cohaerebat
2134 2748 2448 2818 utcumque
2492 2735 2685 2808 acies;

786 2838 973 2899 donec
999 2841 1256 2900 immissa
1283 2840 1502 2920 Pyrrhi
1544 2838 1785 2920 imperio
1826 2835 2166 2899 Theaealica
2204 2835 2303 2896 ala
2342 2836 2494 2897 male
2519 2836 2685 2899 resis-

786 2943 973 2995 tentes
1000 2935 1175 3014 fregit
1197 2936 1568 3016 disjecitque.

866 3038 925 3091 8.
970 3031 1192 3113 Neque
1237 3032 1499 3092 dubium·
1522 3032 1793 3103 habetur,
1835 3033 1976 3112 quin
2019 3051 2091 3091 eo
2132 3029 2243 3089 situ
2275 3029 2389 3091 loci
2414 3050 2533 3111 quo
2558 3038 2684 3091 tum

783 3127 1045 3190 conclusi
1071 3131 1443 3200 tenebantur,
1469 3129 1606 3190 caesi
1631 3148 1832 3188 omnes
1856 3128 2090 3208 captive
2131 3126 2341 3199 forent,
2369 3128 2449 3198 ni,
2477 3138 2686 3209 praeter

495 3241 661 3292 Front.
784 3226 1265 3287 consuetudinem
1296 3227 1541 3308 Pyrrhi,
1569 3225 1670 3307 qui
1696 3225 1810 3286 hoc
1835 3224 2269 3306 imperatorium
2295 3225 2551 3295 rebatur,
2569 3246 2684 3286 non

458 3308 602 3357 S‘mt·
632 3323 694 3358 ¹¹·
711 3311 760 3358 θ’
785 3323 1159 3403 pertinaciter
1182 3325 1395 3384 instare
1427 3322 1808 3402 fugientibus,
1841 3342 1914 3381 ne
1955 3320 2074 3381 alio
2107 3329 2365 3402 tempore
2410 3320 2681 3403 despera-

492 3436 694 3502 Eutrop.
724 3437 759 3489 1.
785 3422 942 3482 tione
968 3421 1174 3483 salutis
1201 3422 1391 3483 acrius
1415 3421 1766 3491 resisterent,
1792 3419 1972 3480 etiam
2007 3428 2265 3501 praeceps
2295 3421 2355 3480 in
2381 3441 2682 3501 vesperam

785 3517 912 3579 dies
952 3520 1140 3598 regios
1181 3539 1220 3579 a
1258 3503 1664 3600 persequendo
1703 3516 1978 3577 desistere
2019 3517 2324 3595 coegisset.
2423 3516 2685 3596 Adjuvit

459 3632 627 3682 Ζοηυ.
785 3616 964 3675 etiam
979 3614 1215 3676 fortuna
1234 3614 1509 3696 reliquias
1529 3612 1778 3675 infelicis
1796 3614 2107 3685 exercitus,
2134 3612 2294 3694 quod
2313 3612 2679 3696 elephantus,

784 3721 1031 3794 accepto
1056 3711 1296 3773 vulnere
1323 3731 1656 3784 conversus,
1686 3712 1865 3772 etiam
1897 3720 2123 3771 ceteros
2151 3711 2370 3771 barritu
2402 3713 2681 3774 turbavit.

788 3808 883 3869 Ea
902 3831 993 3869 res
1007 3818 1233 3869 morata
1252 3809 1468 3880 hostes,
1488 3808 1743 3889 spatium
1759 3807 2115 3887 fugientibus
2130 3807 2315 3879 dedit,
2332 3829 2472 3889 quo,
2494 3819 2680 3871 trans-

784 3906 958 3965 misso
983 3925 1178 3976 amne,
1205 3905 1504 3986 pervenire
1545 3904 1604 3963 in
1637 3904 1926 3986 Apuliam
1970 3914 2238 3985 possent3
2285 3905 2482 3987 ibique
2525 3909 2683 3970 urbis

784 4000 1089 4080 cujusdam
1132 4001 1549 4062 munitionibus
1589 4000 1867 4061 adversus
1909 4001 2128 4063 instans
2169 4002 2492 4083 perieulum
2516 4012 2679 4084 tege·

490 4100 679 4152 Gotefr.
786 4106 999 4157 rentur.
1084 4097 1259 4158 Caesa
1282 4118 1354 4158 eo
1387 4096 1592 4179 praelio
1635 4097 2038 4158 Romanorum
2082 4099 2485 4181 sociorumque
2511 4090 2677 4182 pedi-

580 4185 599 4214 ‘
634 4202 648 4216 ·
784 4203 907 4261 tum
934 4192 1118 4258 millia
1146 4194 1610 4278 quatuordecim,
1637 4204 1698 4257 et
1725 4204 2007 4277 praeterea
2045 4197 2410 4278 octingentos
2427 4208 2675 4283 septua-
