3025 4892
534 356 707 422 1734
1471 367 1543 418 τ.
1593 347 1787 415 mvn

533 519 883 597 midarum,
916 515 1255 600 equitibus
1285 514 1689 598 quingentis,
1722 510 1810 577 ad
1846 508 2358 596 depopulandos
2398 510 2719 576 sociorum

534 620 771 706 populi
803 618 1098 684 Romani
1127 637 1324 701 agros
1362 617 1595 682 mittit.
1685 614 1906 680 Gallis
1950 614 2144 698 parci
2175 633 2385 699 quam
2435 615 2719 679 maxime

526 724 741 807 jubet,
801 721 1308 805 principumque
1385 720 1642 782 animos
1717 716 2047 782 solicitari
2116 716 2206 781 ad
2262 715 2721 781 defectionem.

537 826 754 890 Ponte
806 822 1136 907 perfecto,
1185 821 1538 886 traductus
1588 819 1945 884 Romanus
1998 820 2333 885 exercitus
2385 819 2458 883 in
2506 838 2722 903 agrum

537 927 926 992 Insubrium
975 925 1264 1009 quinque
1313 924 1527 988 millia
1566 942 1889 1007 passuum
1921 942 1964 987 a
1992 922 2408 988 Victumulis
2430 930 2529 970 ¹⁷·
2574 941 2724 987 oon-

537 1031 732 1095 sedit.
823 1027 931 1093 Ibi
965 1027 1312 1094 Hannibal
1341 1034 1565 1092 castra
1593 1026 1930 1093 habebat:
1973 1032 2428 1110 revocatoque
2452 1043 2726 1109 propere

539 1131 935 1198 Maharbale
965 1140 1164 1215 atque
1194 1130 1561 1214 equitibus,
1593 1147 1750 1193 cum
1780 1130 2026 1194 instare
2057 1133 2386 1194 certamen
2416 1129 2724 1206 cerneret,

532 1235 699 1299 nihil
727 1253 1023 1320 unquam
1056 1234 1225 1298 satis
1255 1233 1504 1298 dictum
1538 1234 2141 1317 praemonitumque
2170 1230 2258 1296 ad
2289 1230 2724 1297 cohortandos

537 1337 783 1402 milites
804 1343 1013 1417 tatuS,
1038 1337 1301 1402 vocatis
1323 1336 1412 1401 ad
1436 1336 1818 1400 concionem
1836 1343 2018 1400 certa
2041 1335 2313 1419 praemia
2328 1333 2725 1418 pronuntiat,

536 1442 607 1505 in
637 1459 916 1523 quorum
961 1458 1154 1523 spem
1199 1447 1592 1524 pugnarent.
1681 1442 1701 1472 ‘
1726 1437 1980 1521 Agrum
2025 1457 2179 1504 sese
2223 1437 2531 1502 daturum
2583 1455 2726 1499 esse

535 1544 606 1606 in
657 1542 887 1620 Italia,
936 1541 1196 1621 Africa,
1248 1543 1617 1626 Hispania,
1667 1542 1788 1606 nbi
1832 1539 2340 1625 quisquevelit,
2370 1538 2723 1603 immunem

535 1645 697 1729 ipsi,
717 1646 834 1728 qui
859 1647 1256 1729 accepisset,
1277 1647 1679 1729 liberisque:
1724 1645 1842 1729 qui
1865 1644 2246 1727 pecuniam,
2263 1660 2463 1726 quam
2486 1659 2724 1723 agrum,

538 1748 909 1826 maluisset,
941 1749 1105 1813 eise
1136 1756 1402 1830 argento
1437 1751 1605 1813 satis
1632 1748 2005 1812 facturum:
2051 1747 2168 1831 qui
2190 1747 2529 1811 sociorum
2554 1745 2727 1809 cives

538 1849 1115 1933 Carthaginienses
1144 1851 1289 1916 fieri
1320 1852 1592 1930 vellent,
1625 1855 2033 1935 potestatem
2052 1849 2422 1914 facturum:
2468 1847 2587 1932 qui
2613 1846 2724 1910 do·

535 1973 682 2018 mos
712 1954 927 2019 redire
955 1955 1251 2031 mallent,
1301 1954 1607 2019 daturum
1647 1973 1723 2018 se
1774 1973 2077 2037 operam,
2104 1973 2189 2017 ne
2227 1951 2425 2034 cujus
2456 1968 2721 2014 suorum

537 2057 967 2140 popularium
990 2062 1317 2121 mutatam
1341 2057 1388 2096 ¹⁸
1424 2076 1657 2122 secum
1685 2057 2195 2121 fortunamvesse
2226 2050 2513 2120 vellent.'
2583 2052 2719 2116 Ser·

538 2160 642 2222 vis
675 2178 945 2243 quoque
975 2159 1278 2224 dominos
1301 2160 1679 2244 prosecutis
1700 2160 2073 2224 libertatem
2097 2156 2432 2241 proponit,
2455 2163 2510 2206 ¹⁹
2526 2154 2716 2219 bina·

537 2281 672 2352 que
721 2281 845 2349 pro
877 2262 982 2326 his
1022 2264 1378 2348 mancipia.
1410 2263 1702 2328 dominis
1752 2281 1828 2326 se
1869 2261 2294 2325 redditurum.
2383 2256 2617 2342 anue
2654 2263 2718 2320 ut

535 2374 689 2428 rata
720 2365 968 2429 scirent
998 2364 1158 2441 fore,
1207 2385 1448 2447 agnum
1475 2364 1671 2430 laeva
1713 2384 1932 2441 manu,
1981 2363 2255 2428 dextera
2288 2361 2549 2428 silicem
2576 2360 2718 2423 reti-

536 2484 727 2544 nens,
781 2467 840 2529 si
885 2466 1159 2546 falleret,
1213 2468 1453 2532 Jovem
1506 2474 1896 2549 ceterosque
1937 2471 2248 2550 precatus
2297 2464 2510 2541 Deos,
2539 2462 2622 2525 ita
2649 2480 2715 2524 se

533 2576 925 2647 mactarent,
975 2569 1546 2654 quemadmodum
1584 2571 1734 2653 ipse
1785 2588 2026 2652 agnum
2074 2555 2468 2644 mactasset,
2496 2582 2712 2629 secun·

534 2669 695 2744 dum
741 2671 1184 2755 precationem
1231 2681 1440 2763 caput
1489 2672 1775 2764 pecudis
1826 2691 2002 2737 saxo
2052 2669 2278 2735 elisit.¹’
2363 2668 2541 2738 Tum
2569 2683 2711 2733 vero

1454 2840 1819 2863 OOOO‘WNO

602 2943 662 2988 17
705 2940 817 2990 Vico
853 2942 1047 2991 mais
1085 2941 1216 2992 Mas.
1241 2956 1418 2992 omnes
1456 2949 1511 2992 et
1535 2942 1668 2991 Edd.
1694 2939 2024 2991 vetustiores.
2089 2938 2220 2988 Inde
2251 2942 2436 3000 postea
2466 2933 2708 2984 Rubenius

533 3001 713 3054 effecit
745 3006 1044 3069 Victumviiae,
1066 3006 1203 3080 quod
1228 3010 1545 3059 recentiores
1567 3007 1703 3058 Edd.
1720 3008 2181 3072 receperunt.—-18
2206 3003 2328 3052 Vet.
2346 3000 2434 3053 lib.
2452 3015 2534 3070 ap.
2552 2999 2707 3063 Sigon.

1520 3155 1761 3212 NOTAE·

596 3277 619 3303 ¹
657 3269 874 3332 Quinque
903 3271 1055 3321 milliu
1093 3286 1313 3334 passuum
1350 3291 1380 3323 a
1427 3273 1594 3325 Victu-
1674 3271 1923 3323 anbrium.

531 3346 674 3395 mulis
729 3347 879 3411 [Vico
916 3347 1131 3410 tumulis]
1187 3349 1429 3414 vulgaris
1484 3352 1595 3401 liaec

531 3422 691 3473 lectio
726 3431 820 3473 cst.
887 3425 956 3474 Et
979 3440 1102 3475 saue
1123 3427 1173 3475 iu
1198 3427 1388 3478 tabulis
1411 3442 1596 3477 occur·

532 3499 602 3551 rit
626 3501 769 3550 locus
795 3501 934 3556 inter
962 3501 1199 3554 Ticinum
1225 3511 1276 3554 et
1313 3506 1360 3554 N
1366 3493 1595 3556 odat-iam

529 3590 724 3640 amnes,
767 3579 920 3641 vulgo
965 3577 1147 3628 Dimoli
1161 3596 1181 3636 ,-
1227 3579 1365 3643 quod
1407 3594 1595 3629 nomeu

531 3654 656 3702 satis
679 3654 922 3703 convenit
945 3668 1060 3703 cum
1083 3670 1207 3704 voce
1229 3656 1436 3706 Tumuli.
1457 3656 1593 3706 Gro-

531 3729 712 3779 novius
746 3729 1030 3780 Victumviis
1062 3731 1312 3795 reposuit.
1376 3733 1446 3781 Et
1470 3746 1593 3781 vero

540 3806 831 3856 Victumcias
865 3816 954 3857 aut
986 3807 1258 3858 vienn-niem
1292 3809 1593 3872 Emporium

532 3882 774 3930 Romanis
796 3882 999 3932 Gallico
1023 3884 1158 3932 bello
1183 3885 1432 3934 munitum
1466 3900 1595 3949 pau·

531 3960 582 4007 lo
608 3966 725 4020 post
750 3960 982 4008 nominat
1011 3960 1119 4010 Liv.
1144 3977 1258 4024 cap.
1283 3967 1363 4012 57.
1407 3963 1508 4011 Sed
1536 3963 1592 4012 il·

531 4032 620 4081 lud
644 4032 708 4080 ad
744 4031 983 4082 dextram
1014 4036 1143 4085 Padi
1184 4052 1343 4100 prope
1373 4038 1591 4088 Placen·

533 4108 656 4156 tiam
684 4106 840 4156 fuisse
872 4110 1073 4161 scribit.
1132 4112 1236 4162 Hic
1267 4127 1391 4161 vero
1426 4111 1591 4173 vicus,

534 4184 598 4232 de
632 4200 733 4247 quo
763 4199 900 4244 nnnc
922 4188 1108 4248 agitur,
1133 4190 1196 4238 ad
1223 4192 1399 4238 laevam
1425 4187 1590 4238 flumi-

532 4261 630 4319 nis,
652 4276 711 4314 ac
737 4271 877 4315 trans
900 4266 1134 4317 Ticinum
1159 4267 1257 4317 fuit
1276 4269 1328 4318 in
1351 4282 1476 4332 agro
1499 4267 1588 4318 In·

1737 3348 1785 3399 A
1814 3345 2097 3397 Victumulis
2118 3342 2456 3409 [Victunwiiae]
2491 3340 2611 3390 Cum
2630 3336 2710 3387 hic

1675 3425 1807 3475 Man.
1831 3424 2061 3474 habeant
2089 3419 2415 3475 Vicoaumulis,
2432 3417 2484 3470 J.
2510 3417 2565 3467 F.
2587 3415 2710 3465 Gro-

1676 3502 1858 3552 novius
1882 3499 2257 3564 nuspicabatnr.
2274 3498 2379 3560 legi
2412 3508 2573 3559 poue,
2600 3491 2715 3538 Icti-

1673 3577 1832 3641 mnlis,
1855 3577 1992 3642 qnod
2011 3590 2194 3626 nomeu
2218 3581 2302 3624 est
2323 3575 2422 3623 loci
2444 3572 2494 3620 in
2514 3567 2718 3619 Vercel-

1675 3655 1804 3706 lensi
1836 3669 1980 3717 agro.
2046 3652 2149 3703 Sed
2184 3651 2360 3715 agitur
2393 3647 2457 3698 de
2489 3648 2593 3697 loco
2622 3645 2716 3707 qui

1674 3746 1776 3781 non
1810 3731 2047 3794 procula
2081 3727 2374 3787 Placentia,
2408 3731 2461 3775 et
2494 3721 2612 3772 forte
2636 3719 2715 3766 ad

1676 3810 1894 3858 alteram
1919 3806 2059 3858 Padi
2087 3806 2267 3869 ripam.
2324 3801 2460 3851 Vide
2478 3814 2522 3848 c.
2540 3799 2613 3844 55.
2644 3795 2715 3842 J.

1679 3886 1909 3935 Clericus-

1739 3960 1762 3994 ὓ
1796 3962 1929 4011 Saxo
1943 3960 2101 4024 elisit]
2135 3958 2442 4021 Descriptus
2457 3960 2531 4004 est
2547 3951 2721 4000 tolen-

1671 4037 1750 4086 nis
1769 4037 1852 4086 hic
1871 4037 2109 4087 firmandi
2122 4032 2454 4099 jurisjurandi
2474 4030 2587 4078 ritu·
2604 4027 2643 4074 l.
2676 4041 2721 4074 ι.
2806 4095 2817 4102 .

1672 4127 1788 4177 cap.
1811 4118 1894 4164 24.
1964 4116 2044 4165 De
2066 4109 2401 4177 jurejurando
2423 4120 2509 4171 per
2527 4103 2721 4154 ,lovem

1670 4191 1895 4253 lapidem
1930 4190 2211 4240 Favorinus
2246 4186 2383 4251 apud
2405 4183 2529 4236 Gell.
2556 4179 2651 4227 lib.
2682 4193 2727 4228 r.

1670 4281 1783 4331 cap.
1815 4270 1896 4319 21.
1931 4266 2243 4318 Plutarchus
2272 4265 2324 4315 in
2345 4262 2494 4328 Sylla.
2551 4255 2724 4320 Poly·
