3025 4892
1029 382 1173 453 ms.
1229 405 1453 456 xxiv.
1501 407 1670 457 ωιι».
1711 394 1777 459 6.
2328 398 2503 466 1997

305 561 620 645 pocrates
644 560 701 592 ²⁰
751 557 816 618 et
861 549 1223 636 Epicydes,
1271 551 1413 619 nati
1466 550 1892 637 Carthagine,
1946 555 2063 621 sed
2086 557 2369 624 ‘oriundi
2410 563 2499 627 ab

307 659 691 747 Syracusis,
718 656 916 722 exule
946 675 1103 733 avo,
1130 654 1332 721 Poeni
1363 657 1494 742 ipsi
1528 665 1829 724 materno
1868 680 2132 742 genere.
2223 662 2355 729 Per
2378 665 2504 731 hos'

294 764 539 850 juncta
583 761 880 828 societas
933 757 1308 823 Hannibali
1361 780 1443 824 ac
1488 759 1921 845 Syracusano
1964 769 2331 847 tyranno:⁰
2375 787 2511 834 nec

305 869 516 934 invito
542 862 922 931 Hannibale
946 861 1125 946 apud
1155 868 1502 946 tyrannum
1525 872 1946 930 manserunt.¹
2011 865 2149 950 Ap.
2173 866 2505 936 Claudius

306 977 585 1055 praetor,
633 968 827 1052 cujus
875 964 1114 1030 Sicilia
1158 966 1507 1050 provincia
1558 971 1720 1045 erat,
1770 970 1884 1034 ubi
1932 989 2013 1035 ea
2051 974 2338 1057 accepit,
2384 993 2505 1038 ex-

307 1073 559 1156 templo
595 1070 856 1154 legatos
895 1067 980 1132 ad
1023 1066 1511 1153 Hieronymum
1560 1070 1780 1136 misit:
1829 1073 1967 1157 qui,
2015 1094 2168 1139 cum
2219 1096 2371 1142 sese
2417 1076 2509 1141 ad

308 1173 760 1242 renovandam
795 1171 1210 1249 societatem,
1257 1192 1413 1256 quse
1463 1193 1616 1238 cum
1647 1194 1779 1240 avo
1813 1174 2077 1255 fuisset,
2110 1180 2375 1244 venisse
2407 1179 2508 1245 di-

309 1283 554 1355 cerent,
595 1295 717 1360 per
753 1273 1111 1339 ludibrium
1155 1273 1364 1339 auditi
1403 1273 1797 1361 dimissique
1835 1287 1998 1343 sunt
2037 1280 2124 1344 ab
2165 1288 2507 1364 quaerente

308 1400 432 1464 per
448 1382 684 1467 jocum
716 1377 1162 1462 Hieronymo,
1195 1381 1217 1413 ‘
1240 1398 1392 1462 quae
1423 1378 1683 1444 fortuna
1709 1381 1809 1444 eis
1837 1401 2082 1465 pugnae
2115 1382 2203 1448 ad
2235 1381 2508 1449 Cannas

305 1482 603 1549 fuisset?
650 1482 766 1546 vix
826 1479 1180 1547 credibilia
1224 1482 1404 1547 enim
1450 1482 1712 1564 legatos
1762 1483 2171 1551 Hannibalis
2223 1506 2509 1553 narrare.

310 1584 534 1663 Velle,
564 1584 726 1670 qnid
758 1582 899 1649 veri
927 1584 1040 1660 sit,
1082 1583 1280 1663 scire,
1310 1589 1384 1648 nt
1408 1603 1499 1649 ex
1527 1603 1637 1661 eo,
1667 1592 1886 1650 utram
1910 1606 2102 1671 spem
2133 1595 2514 1672 sequatur?

312 1689 671 1755 consilium
703 1685 971 1773 capiat!
1059 1684 1376 1765 Romani,
1423 1690 1445 1722 ‘
1478 1707 1633 1753 cum
1679 1689 1850 1753 serio
1876 1689 2248 1771 legationes
2280 1691 2508 1757 audire

314 1792 661 1875 coepisset,
707 1790 1041 1855 redituros
1088 1807 1163 1852 se
1214 1787 1300 1854 ad
1356 1787 1538 1854 eum'
1593 1789 1894 1856 dicentes
1947 1795 1969 1827 ‘
2013 1791 2210 1872 esse,'
2262 1794 2512 1860 monito

314 1896 534 1978 magis
561 1914 666 1972 eo,
696 1912 896 1978 quam
939 1898 1200 1974 rogato,
1230 1911 1312 1956 ne
1340 1892 1541 1957 fidem
1576 1899 1822 1959 temere
1870 1901 2173 1973 mutaret,
2203 1896 2513 1981 proficis-

312 2003 573 2072 cuntur.
663 1995 1123 2078 Hieronymus
1152 1993 1415 2077 legatos
1447 1992 1912 2079 Carthaginem
1943 1999 2124 2063 misit
2162 1999 2249 2063 ad
2290 2000 2515 2065 foedus

316 2121 407 2167 ex
443 2101 770 2166 societate
809 2118 963 2164 cum
1003 2097 1393 2163 Hannibale
1431 2096 1840 2163 faciendum.
1929 2099 2148 2166 Pacto
2178 2103 2513 2180 convenit,

308 2211 412 2284 nt,
444 2224 597 2271 cum
622 2202 976 2268 Romanos
1006 2200 1243 2266 Sicilia
1271 2202 1715 2284 expulissent,
1744 2199 1845 2286 (id
1878 2209 2100 2268 autem
2132 2204 2318 2269 brevi
2348 2205 2513 2281 sore,

301 2300 383 2372 'si
431 2325 642 2373 naves
686 2314 891 2391 atque
919 2305 1286 2371 exercitum
1322 2303 1720 2389 misissent‚)
1773 2306 2048 2374 Himera
2093 2308 2351 2385 amnis:
2397 2308 2516 2392 qni

383 2500 407 2525 ⁰
438 2493 517 2541 Ab
539 2491 813 2543 Hannibale
832 2507 890 2542 ae
910 2496 1114 2558 tyranno
1138 2490 1440 2557 Syracusano
1461 2491 1637 2542 bitus·
1658 2491 1838 2552 sudas.

377 2565 410 2600 P
449 2558 516 2609 Ut
537 2558 759 2609 deliberet
780 2572 977 2622 quorum
995 2557 1234 2608 adherent
1256 2558 1492 2619 ωσίείαίί,
1522 2557 1840 2607 Romanor-m
1858 2572 1914 2607 nc
1939 2557 2206 2610 Poenorum,

1236 2699 1601 2723 euoeeeemo

314 2809 547 2856 esu—2⁰
579 2804 597 2833 ‘
630 2806 759 2856 Cum
799 2801 1146 2869 Hippocratis
1185 2810 1242 2853 et
1281 2803 1531 2868 Epicydis
1563 2818 1632 2852 st
1674 2804 1772 2867 ius,
1811 2801 1902 2852 sed
1948 2804 2132 2854 nobilis
2176 2803 2519 2853 adolescentis

315 2870 633 2924 Hannibalis
656 2885 908 2935 nusquam
942 2868 1063 2918 alibi
1099 2883 1132 2918 a
1165 2869 1365 2919 Nostro
1400 2869 1596 2920 mentio
1672 2878 1756 2932 at;
1787 2866 2019 2930 filerunt,
2056 2871 2142 2935 qni
2178 2870 2312 2919 hunc
2352 2870 2520 2919 locum

312 2945 617 3053 ⁸13⁸an
637 2934 1244 3050 haberenziee'eenttmueliita
1265 2933 1643 2984 emendandum
1667 2942 1974 2983 censerent:
1999 2950 2065 3012 nc.
2074 2936 2262 2985 remissi
2281 2934 2342 2984 ab
2356 2936 2525 3013 fodent

317 3018 459 3118 baffi
498 3068 653 3145 dubie
687 3016 793 3126 est?
808 3003 959 3131 ‘ginod
999 3015 1272 3115 hicoeredtnx
1296 3064 1360 3114 ab
1382 2999 1777 3127 hesz‘lzgatiosne?
1783 3000 2526 3131 311331-Γὶιιῖἓίευῗξηξὲιεὲὲῖῗεεί

316 3133 448 3183 nihil
471 3134 690 3197 amplius
713 3140 997 3183 memoratu
1021 3132 1228 3195 dignum
1250 3128 1473 3193 fecerit;
1506 3131 1582 3180 ilii
1607 3144 1750 3192 vero,
1773 3144 1890 3182 cnm
1915 3132 2054 3193 apud
2074 3139 2353 3195 tyrannum.
2370 3131 2404 3181 S
2442 3145 2524 3181 ra·

319 3213 566 3249 cnsatmm
592 3198 974 3259 remansissent,
999 3210 1080 3247 res
1110 3197 1322 3246 omnino
1359 3197 1833 3247 commemorandas
1856 3196 1927 3246 ibi
1950 3195 2371 3258 designaverint)
2448 3211 2521 3246 oo·

318 3264 453 3328 rinc.
502 3263 623 3315 vid.
650 3263 780 3314 Not.
801 3263 1024 3314 Van—1
1060 3261 1076 3288 ‘
1096 3262 1256 3313 Forte
1276 3262 1376 3325 leg.
1405 3276 1492 3312 nee
1523 3262 1678 3312 invito
1709 3262 1793 3313 6110
1825 3263 1951 3327 apud
1972 3264 2093 3313 hunc
2114 3261 2194 3314 ss?
2232 3264 2526 3328 Rupert.—

1311 3425 1529 3480 NOTAE

328 3579 593 3632 Hannibal
625 3585 799 3631 antem
820 3577 906 3629 hic
931 3574 1382 3641 Carthaginiensis
1465 3575 1581 3640 ipsa
1606 3588 1693 3625 rs:
1730 3580 1812 3624 est
1846 3573 1982 3624 enim
2017 3574 2151 3623 salso
2195 3584 2378 3635 sapore
2417 3571 2526 3623 sive

332 3670 461 3711 tnnc
503 3658 815 3708 trierarchus
856 3660 993 3718 erat,
1033 3661 1138 3705 tam
1184 3651 1385 3717 origine
1466 3667 1661 3703 amaro.
1707 3651 1814 3702 Per
1834 3650 2102 3714 octoginta
2124 3649 2285 3697 millia
2306 3648 2527 3700 mediam

323 3753 480 3805 qnam
503 3735 764 3787 natalibus
788 3728 1248 3798 Carthaginiensis.
1465 3728 1578 3779 fere
1621 3728 1848 3778 Siciliam
1890 3727 1963 3777 ita
2007 3726 2212 3783 dividit,
2259 3731 2320 3775 nt
2358 3726 2530 3778 altera

393 3824 416 3850 θ
453 3814 656 3866 Binum
685 3813 863 3877 mis]
897 3814 1014 3863 Duo
1034 3817 1156 3862 sunt
1174 3810 1275 3859 hoc
1297 3822 1389 3858 no·
1469 3820 1588 3872 pars
1628 3818 1807 3855 versus
1849 3816 2092 3853 occasum
2136 3801 2202 3851 ad
2239 3801 2530 3866 Lilyboenm

326 3893 466 3944 mine
493 3894 545 3942 in
566 3888 746 3943 Sicilia
770 3889 933 3951 fluvii,
966 3901 1183 3955 quornm
1223 3884 1389 3935 minor

324 3976 381 4023 in
426 3972 737 4037 Aquilonem
777 3977 833 4020 et
884 3981 1026 4018 mare
1066 3964 1390 4030 Tyrrhenum

327 4048 448 4101 fluit
462 4051 623 4115 juxta
635 4047 881 4112 oppidum
896 4043 1129 4110 ejusdem
1152 4039 1389 4097 nominis.

331 4130 488 4192 vulgo
511 4140 649 4177 nunc
675 4122 913 4175 Termini.-
947 4119 1115 4185 major
1150 4119 1204 4168 in
1239 4116 1391 4167 rneri-

325 4204 466 4255 diem
483 4217 625 4253 mare
643 4200 892 4265 Libycum
905 4195 1044 4248 flexo
1060 4208 1215 4246 eursu
1233 4193 1392 4243 subit.

331 4280 440 4334 Hic
461 4280 688 4331 omnium
711 4280 872 4331 totius
897 4275 1090 4327 Sicilia
1122 4271 1389 4334 maximus,

330 4359 489 4423 vulgo
522 4371 658 4409 nunc
692 4356 882 4408 accolis
913 4359 1126 4405 vocatur
1155 4347 1288 4399 Salei
1321 4347 1390 4398 ab

1470 3880 1906 3947 promontorium:
1943 3879 2109 3929 altera
2127 3879 2189 3927 ad
2224 3877 2529 3944 Pachynum

1470 3968 1527 4010 et
1584 3959 1853 4013 Pelorum,
1908 3955 1975 4006 ad
2029 3962 2198 4005 ortum
2251 3956 2529 4020 pertineat.

1472 4034 1643 4086 Ambo
1686 4033 1740 4083 hi
1780 4030 1923 4081 fluvii
1967 4045 2033 4080 ex
2073 4031 2261 4080 montis
2294 4032 2529 4096 ejusdem

1473 4109 1737 4163 Nebrodis
1760 4107 1977 4157 diversis
1989 4106 2132 4171 jugis
2154 4108 2406 4157 oriuntur.
2438 4108 2531 4158 So·

1472 4190 1624 4253 linus,
1643 4186 1805 4244 Mela,
1820 4183 2008 4250 aliique
2033 4198 2186 4234 unum
2205 4182 2427 4246 faciunt,
2443 4183 2532 4253 qni

1471 4267 1523 4317 in
1549 4265 1757 4319 diversa
1779 4258 2042 4315 decurrat.
