3025 4892
833 386 1038 435 mum
1090 384 1254 436 xv1.
1297 383 1943 436 surrnsmssuwu.
2325 368 2499 437 1523

258 538 396 590 sunt
443 530 595 601 ausi,
642 528 1004 590 obsidionem
1046 529 1209 590 urbis
1258 527 1627 589 meditantes.
1713 529 1951 596 Quibus
1995 526 2168 587 rebus
2224 522 2402 593 Polyb.
2426 543 2497 580 ιν

258 626 683 688 animadversis
718 625 936 698 Hiero,
957 646 1096 687 cum
1119 627 1241 686 suis
1266 635 1442 707 atque
1469 625 2047 705 cathaginiensium
2074 626 2165 686 vi-
2193 593 2432 708 ¹ss‘,„m·
2464 659 2503 707 1.

254 725 421 784 ribus
443 722 711 784 diffidere
735 724 1330 805 coepffletjpraeterea
1353 722 1487 804 plus
1504 723 1664 805 apud
1694 722 2007 784 Romanos
2041 742 2167 782 me
2194 738 2271 775 vt·

257 818 400 881 fidei
428 819 720 891 crederet,
756 821 1081 881 amicitiam
1107 828 1169 880 et
1204 821 1330 901 ipse
1364 841 1500 881 cum
1541 819 1835 882 Romanis
1861 821 2007 881 inire
2027 839 2166 880 con·

254 918 491 979 stituit:
538 917 878 999 legatosque
898 938 1037 978 cum
1059 917 1356 978 mandatis
1378 917 1455 977 de
1480 937 1630 997 pace
1660 917 2066 998 componenda
2091 915 2168 977 ad
2194 931 2347 984 Diod.

255 1014 533 1075 consules
557 1015 738 1076 misit.
822 1012 1043 1095 Neque
1072 1012 1370 1075 Romanis
1391 1013 1748 1094 displicebat
1773 1013 2103 1075 Hieronem
2131 1033 2170 1074 a

255 1112 546 1172 societate
582 1110 821 1172 Punica
837 1110 1194 1191 disjungere,
1216 1111 1473 1171 maxime
1495 1119 1564 1170 ut
1587 1131 1679 1170 res
1702 1112 2025 1171 annonaria
2050 1114 2171 1173 suis
2195 1126 2371 1191 Polyb.

257 1206 595 1287 legionibus
616 1207 952 1289 expeditior
985 1217 1171 1268 esset:
1216 1227 1352 1268 nam
1384 1206 1970 1287 Carthaginiensibus
2012 1227 2170 1271 mare

258 1305 669 1367 obtinentibus
693 1324 770 1364 ex
793 1303 980 1365 Itali'a
1004 1304 1299 1365 transvehi
1323 1312 1684 1364 commeatus
1708 1304 2069 1384 nequibant:
2110 1316 2173 1368 et

259 1404 336 1463 ab
375 1421 455 1461 ea
494 1421 559 1464 re
584 1401 792 1482 prioris
824 1402 963 1462 anni
991 1400 1193 1466 consul
1235 1401 1369 1482 plus
1407 1399 1852 1482 propemodum,
1890 1421 2067 1481 quam
2093 1404 2170 1463 ab

258 1499 550 1571 hostibus,
599 1498 953 1560 incommodi
993 1498 1392 1579 molestiaeque
1435 1507 1813 1579 persenserat.
1902 1496 2172 1560 Hierone

258 1617 402 1658 vero
429 1596 714 1676 adjuncto
741 1596 1175 1679 Syracusanum
1192 1617 1434 1676 regnum
1462 1596 1786 1660 abundanti
1811 1596 2042 1679 frugum
2069 1619 2173 1661 co-

185 1721 190 1726 ·
261 1694 387 1775 pia,
411 1714 506 1757 ms
533 1696 888 1755 necessarias
908 1694 1203 1756 Romanis
1226 1694 1455 1755 affatim
1483 1704 1611 1754 erat
1635 1694 2034 1776 praebiturum.

259 1829 266 1834 ·
339 1797 446 1851 45.
491 1788 711 1872 Itaque
738 1791 968 1870 legibus
1001 1792 1094 1853 bis
1116 1799 1516 1853 transactum:
1561 1801 1578 1827 ⁶
1609 1799 1678 1851 ut
1699 1789 1898 1853 Hiero
1937 1812 2071 1874 quae
2095 1793 2171 1855 de
2196 1811 2366 1862 Zona».

266 1886 569 1949 Romanis
593 1888 838 1950 sociisve
875 1909 1075 1951 eorum
1104 1888 1261 1962 loca,
1288 1908 1551 1969 quosque
1592 1890 1860 1950 homines
1896 1892 2169 1971 cepisset,
2194 1901 2379 1967 Polyb.

261 1985 386 2046 sine
414 1986 607 2066 pretio
631 1987 996 2047 restitueret:
1039 1987 1386 2066 argentique
1408 1986 1638 2047 talenta
1662 1985 1939 2048 centum!
1951 1988 2170 2069 pende·
2197 1998 2350 2050 Diod.

261 2089 382 2142 ret:
427 2083 553 2163 ipse
581 2091 710 2143 tuto
736 2083 1050 2165 imperaret
1077 2083 1408 2165 Syracusis,
1447 2084 1774 2164 ceterisque
1817 2082 2172 2166 Syracusani
2230 2095 2436 2149 mmuh.
2451 2097 2503 2145 in

251 2179 406 2259 juris
421 2179 665 2240 urbibus
688 2181 738 2241 ε’
774 2201 856 2242 ex
870 2181 1083 2261 quibus
1100 2189 1267 2241 erant
1280 2180 1595 2261 praecipuae
1611 2185 1816 2253 Acrae,
1840 2180 2172 2255 Leontium,
2198 2163 2371 2228 Polyb.

265 2275 542 2356 Megara,
572 2275 808 2350 Eion-us,
852 2276 1088 2351 Netini,
1114 2277 1591 2339 Tauromenium.
1677 2277 1915 2356 Legatis
1958 2278 2175 2341 deinde

263 2375 340 2434 ab
367 2373 642 2435 Hierone
671 2373 929 2438 Romam
971 2374 1361 2446 venientibus,
1388 2373 1612 2435 ezedem
1638 2374 2008 2436 conditiones
2031 2385 2175 2437 ratae

264 2471 526 2541 fuerunt,
553 2491 876 2552 pacemque
902 2492 1036 2533 cum
1056 2492 1130 2533 eo
1149 2492 1286 2551 rege
1322 2469 1669 2533 servandam
1694 2479 1756 2531 et
1779 2480 2014 2531 senatus
2037 2492 2173 2532 cen·
2227 2477 2410 2529 Tabula

263 2568 399 2639 suit,
443 2578 510 2629 et
547 2578 684 2650 post
724 2589 945 2650 paucos
982 2568 1132 2642 dies,
1177 2568 1292 2629 Cn.
1320 2566 1525 2629 Atilio
1569 2566 1850 2628 Calatino
1891 2568 2172 2649 populum
2197 2544 2505 2673 ffiff‘sp

263 2675 532 2744 rogante,
560 2664 813 2747 populus
844 2666 1043 2746 jussit.
1131 2664 1279 2726 Hoc
1320 2664 1508 2725 foedus
1546 2665 1605 2724 in
1632 2681 1816 2725 annos
1838 2662 2172 2744 quindecim
2199 2674 2405 2723 Diodor.

265 2772 532 2842 pactum,
574 2760 856 2843 deinceps
890 2770 1174 2844 perpetuo
1214 2762 1464 2822 mansit:
1509 2760 1778 2822 Hierone
1818 2760 2171 2840 magnitudi-
2194 2769 2374 2838 Polyb.

261 2879 396 2919 nem
441 2857 787 2920 Romanam
829 2859 916 2920 ita
952 2858 1184 2921 colente
1205 2859 1473 2930 comiter,
1500 2858 1706 2939 bisque
1731 2858 1987 2919 vicissim
2014 2857 2175 2919 illius

264 2955 524 3019 sordium
567 2965 690 3017 tam
717 2956 967 3036 benigne
1008 2956 1357 3037 prolixeque
1382 2956 1907 3028 remunerantibus,
1934 2964 2002 3015 ut
2029 2976 2171 3017 neu·

266 3063 394 3118 tros,
409 3072 616 3114 eorum
641 3052 938 3115 societatis
961 3054 1243 3114 instimtae
1262 3054 1592 3134 poeniteret.

263 3202 268 3206 .
342 3158 447 3212 46.
493 3148 882 3231 Syracusanae
929 3150 1095 3232 pacis
1128 3149 1335 3211 audita
1366 3149 1549 3221 fama,
1580 3148 1893 3211 Hannibal
1923 3148 2170 3222 Poenus,
2199 3173 2352 3223 Diod.

266 3247 370 3328 qui
403 3246 739 3308 Hieronem
764 3246 1067 3309 obsidione
1098 3246 1451 3308 liberaturus
1479 3267 1615 3308 cum
1658 3245 1963 3308 navalibus
1989 3247 2173 3327 copiis

262 3346 392 3424 jam
422 3342 796 3425 Xiphoniam
823 3353 1170 3417 accesserat,
1199 3344 1408 3424 majori
1445 3364 1624 3424 quam
1654 3352 1897 3404 venerat
1929 3342 2171 3404 festina-

265 3442 434 3503 ‘tione
463 3442 724 3503 recessit.
807 3440 1094 3514 Romani,
1117 3460 1254 3502 cum
1279 3443 1413 3521 jam
1440 3439 1709 3501 Hierone
1744 3459 1978 3521 quoque
2013 3440 2172 3501 socio
2196 3453 2366 3519 Polyb.

267 3548 330 3599 et
351 3538 752 3601 commilitone
776 3547 1095 3610 uterentur,
1122 3558 1239 3601 non
1266 3536 1368 3597 diu
1395 3537 1625 3609 morati,
1673 3536 2174 3616 Carthaginiensis

269 3635 511 3698 ditionis
534 3634 755 3717 oppida
795 3635 1099 3717 complura
1137 3636 1511 3713 subegerunt.
1599 3634 1682 3695 Et
1725 3634 1804 3694 ab
1844 3633 2170 3712 ¹Adranone
2196 3648 2345 3699 Diod.

271 3732 534 3813 quidem,
560 3734 695 3794 vico
723 3733 968 3806 munito,
1008 3730 1391 3811 Macellaque
1427 3740 1561 3812 post
1590 3729 1902 3791 multorum
1945 3728 2172 3789 dierum

267 3829 640 3893 obsidionem
663 3829 1050 3892 discesserunt
1071 3828 1252 3890 irriti:
1295 3837 1554 3890 ceterum
1582 3827 1951 3907 Segestanos,
1977 3826 2171 3887 occiso
2194 3838 2364 3888 Zona.

271 3925 599 3988 Poenorum
639 3926 909 4008 praesidio
953 3925 1030 3987 ad
1076 3946 1138 3986 se
1164 3925 1318 3986 ultro
1356 3924 1768 3996 desciscentes,
1809 3933 2171 4004 receperunt.
2241 3979 2251 3989 ,

271 4023 511 4086 Praeter
537 4024 661 4085 alia
674 4025 1038 4104 cognationis
1062 4020 1482 4085 necessitudine
1502 4041 1565 4081 se
1584 4020 1876 4081 Romanis
1898 4019 2175 4081 fratribus
2195 3978 2369 4098 ᾖοῇξῃ
2386 3978 2504 4029 Ver.

521 4277 556 4322 J
570 4277 866 4345 Argen-sique
887 4279 1066 4332 aalma
1087 4276 1297 4344 unm]
1331 4276 1543 4340 Marcu
1566 4284 1824 4330 nostrates
1847 4281 1995 4331 ⁹875.
2030 4276 2170 4328 Cres.
