3025 4892
464 792 612 917 Τ.
739 800 1242 928 L1v11
1378 731 2318 937 PATAVINI

563 1081 570 1090 ·
904 1003 1869 1196 HISTORIARUM
2064 1053 2075 1060 ’

729 1371 895 1446 ΑΒ
1003 1376 1357 1457 URBE
1462 1381 2060 1504 CONDITA

1046 1624 1346 1694 LIBER
1420 1625 1733 1697 XXIII.

910 1891 1872 1940 Q

2170 2019 2191 2050 *t

1138 2105 1655 2181 nummatum.

282 2244 424 2297 CAP.
460 2247 510 2297 1.
540 2246 765 2313 Compsa
789 2249 840 2299 in
865 2249 1104 2314 Hirpinis
1129 2265 1161 2300 a
1186 2251 1356 2301 Statio
1392 2249 1590 2300 Trebio
1629 2250 1856 2301 traditur
1890 2250 2209 2312 Hannibali;
2241 2251 2329 2316 qui
2362 2250 2482 2301 inde

349 2327 488 2389 petit
508 2328 800 2391 Neapolim,
822 2331 911 2381 sed
936 2346 1242 2397 oppugnare
1265 2346 1368 2381 nou
1390 2332 1573 2391 audet,
1612 2339 1667 2381 et
1706 2333 1936 2396 Capuu'u
1973 2331 2143 2386 flectit
2178 2333 2298 2384 iter.
2362 2336 2412 2381 2.
2436 2334 2486 2382 Β.

347 2405 431 2457 Ibi
454 2418 690 2459 senatum
724 2416 779 2461 et
808 2411 908 2482 sibi
940 2419 996 2461 et
1034 2411 1484 2475 plebi-obnoxium
1523 2410 1722 2462 fecerat
1769 2413 2029 2463 Pacuvius
2063 2414 2324 2476 Calavius,
2358 2412 2485 2462 data

344 2490 541 2553 populo
563 2489 813 2542 facultate
847 2494 1085 2543 meliores
1109 2493 1459 2559 justioresque
1489 2493 1714 2557 eligendi
1749 2502 2040 2561 senatores,
2066 2495 2152 2560 qui
2181 2508 2286 2546 non
2322 2492 2483 2544 facile

344 2568 566 2620 inveniri
616 2581 872 2635 poterant.
939 2577 989 2624 4.
1027 2573 1155 2622 lude
1189 2582 1306 2623 orta
1342 2574 1643 2639 obsequium
1682 2576 1993 2641 principum,
2033 2576 2248 2626 licentia
2297 2575 2483 2641 plebis,

345 2658 644 2702 contemtus
663 2653 854 2717 logum,
875 2654 1272 2718 magistratuum
1296 2654 1598 2720 imperiique
1624 2655 1970 2708 Romanorum
1991 2672 2005 2706 ε
2044 2672 2075 2706 a
2097 2657 2282 2722 quibus
2307 2664 2483 2707 tamen

343 2728 575 2782 deficere
597 2733 765 2785 adhuc
788 2734 1047 2787 dubitant.
1114 2737 1363 2800 Campani
1402 2723 1894 2800 propter—connubia
1916 2744 2131 2787 vetusta
2161 2745 2218 2787 et
2248 2737 2484 2788 multitu·

343 2811 518 2863 dinem
553 2815 1000 2878 nobilissimorum,
1032 2820 1120 2883 qui
1156 2818 1292 2881 apud
1328 2818 1444 2868 illos
1476 2819 1720 2869 militant.
1788 2824 1837 2868 5.
1869 2819 2069 2868 Horum
2095 2824 2339 2882 parentes
2362 2833 2482 2882 cog-

340 2896 558 2961 natique
582 2911 720 2959 aegre
745 2900 1078 2962 pervincum,
1096 2906 1153 2950 ut
1176 2900 1461 2949 Venusiam
1488 2901 1762 2949 mittantur
1792 2900 1953 2964 legati
1975 2899 2039 2949 ad
2066 2900 2351 2949 Varronem
2375 2912 2483 2948 coa.

341 2978 433 3040 qui
477 2977 826 3029 Romanorum
863 2980 1045 3045 suique
1088 2986 1407 3030 contemtum
1450 2989 1603 3042 anget
1638 2980 1792 3029 nimis
1838 2980 2135 3043 detegendo
2179 2978 2377 3030 cladem
2426 2984 2483 3027 et

341 3057 726 3123 Campanorum
767 3075 918 3125 opem
946 3060 1290 3125 implorando.
1359 3065 1409 3109 6.
1443 3061 1603 3110 Vibio
1636 3061 1814 3110 Virrio
1850 3069 2064 3112 auctore
2103 3060 2354 3124 Campani
2390 3058 2483 3108 de·

339 3139 576 3192 sciscunt
597 3157 629 3191 a
652 3143 911 3193 Romanis.
976 3147 1027 3193 7.
1064 3144 1259 3193 Pacem
1284 3158 1402 3193 cnm
1428 3143 1721 3193 Hannibale
1744 3141 1962 3207 faciunt,
1979 3150 2034 3192 et
2058 3143 2315 3192 Romanos
2341 3155 2480 3191 com·

339 3221 678 3284 prehendunt
699 3224 858 3275 cives.
923 3225 1119 3274 Decius
1153 3224 1362 3288 Magius
1387 3224 1606 3273 mirifica
1628 3224 1923 3273 constantia
1953 3224 2262 3273 adversatur
2288 3222 2483 3272 Poenis.

337 3307 389 3354 8.
412 3307 463 3353 9.
518 3304 749 3369 perella,
789 3306 987 3356 Calavii
1031 3305 1184 3362 tilius,
1225 3306 1570 3356 Hannibalem
1608 3307 1806 3370 Capua!
1846 3306 2143 3369 epulantem
2183 3303 2480 3354 interficere

334 3389 562 3436 statuit:
597 3388 688 3437 sed
723 3388 885 3451 patris
921 3389 1163 3453 precibus
1201 3404 1231 3438 a
1267 3389 1536 3452 proposito
1572 3387 1889 3438 deterretur.
1959 3392 2038 3437 10.
2075 3387 2302 3449 Magius,
2326 3386 2481 3450 jussu

338 3468 495 3518 Poeni
517 3469 939 3532 comprehensus,
957 3470 1006 3518 in
1029 3470 1229 3519 Punica
1254 3469 1563 3533 perducitur
1590 3477 1785 3532 castra,
1815 3476 1872 3519 et
1903 3468 2167 3531 extemplo
2204 3467 2255 3516 in
2292 3479 2479 3515 navem

338 3551 612 3613 impositus
636 3550 1003 3615 Carthaginem
1027 3551 1271 3600 mittitur.
1336 3550 1674 3613 Tempestate
1705 3559 1876 3598 autem
1915 3547 2148 3597 defertur
2171 3547 2400 3611 Cyrenas
2424 3551 2481 3595 et

338 3629 408 3681 ad
433 3636 658 3684 statuam
684 3631 958 3684 Ptolemaei
980 3629 1235 3695 confugit.
1300 3629 1431 3681 Inde
1456 3630 1767 3694 deportatur
1796 3628 2187 3691 Alexandriam,
2217 3634 2273 3676 et
2299 3641 2330 3676 a
2354 3638 2478 3689 rege

341 3712 562 3762 vinculis
585 3712 854 3764 liberatur.

269 3796 356 3844 11.
393 3793 530 3844 Dum
552 3795 665 3852 haee
684 3802 956 3859 geruntur,
993 3794 1061 3846 Q.
1100 3793 1292 3844 Fabius
1316 3793 1502 3842 Pictor
1539 3791 1740 3855 legatus
1766 3805 1796 3839 a
1817 3789 2042 3854 Delphis
2073 3789 2288 3838 Romam
2320 3786 2476 3837 redit.

338 3875 501 3940 Mago
525 3886 721 3938 autem,
743 3876 1059 3927 Hamilcaris
1082 3876 1215 3926 tilius
1251 3876 1565 3939 nuntiusque
1590 3873 1817 3923 victoriae
1843 3872 1908 3921 ad
1934 3873 2157 3928 Cannas,
2178 3868 2325 3919 venit
2349 3869 2475 3918 Car·

338 3957 622 4021 thaginem,
646 3958 821 4022 ibique
845 3959 898 4007 iu
920 3967 1108 4009 senatu
1130 3973 1215 4008 res
1238 3973 1269 4009 a
1291 3957 1457 4009 fratre
1476 3959 1530 4007 in
1548 3956 1709 4008 Italia
1729 3964 1904 4018 gestas
1929 3952 2164 4018 exponit.
2230 3955 2313 4002 12.
2344 3950 2475 3999 Tum

334 4036 606 4089 effundiin
624 4039 878 4089 vestibulo
898 4040 1058 4090 curioe
1078 4054 1318 4090 acervum
1331 4039 1486 4105 jubet
1507 4039 1815 4088 annulorum
1834 4049 2126 4097 aureorum,
2142 4033 2398 4099 petitque,
2417 4037 2477 4080 ut

335 4120 625 4170 Hannibali
648 4121 884 4184 pecunia,
900 4120 1240 4184 frumentum,
1264 4129 1321 4172 et
1341 4121 1534 4171 milites
1558 4118 1849 4169 mittantur.
1897 4116 2013 4166 Hoc
2039 4114 2305 4165 dissuadet
2329 4111 2474 4162 Han·

337 4215 426 4265 no,
460 4201 527 4252 ab
550 4201 849 4253 Himilcone
883 4203 1201 4268 increpatus.
1269 4208 1350 4254 1⁸.
1384 4204 1547 4266 Mago
1569 4200 1684 4265 ejus
1710 4199 1993 4250 orationem
2018 4195 2238 4260 refutat,
2261 4202 2336 4259 et,
2359 4207 2474 4259 quae

337 4286 708 4350 postulaverat,
726 4285 925 4352 ingenti
950 4299 1201 4336 consensu
1228 4294 1438 4336 senatus
1455 4285 1826 4336 decernuntur.
