<?xml version="1.0" encoding="UTF-8"?>
<!DOCTYPE html PUBLIC "-//W3C//DTD XHTML 1.0 Transitional//EN"
    "http://www.w3.org/TR/xhtml1/DTD/xhtml1-transitional.dtd">
<html xmlns="http://www.w3.org/1999/xhtml" xml:lang="en" lang="en">
 <head>
  <title>
</title>
<meta http-equiv="Content-Type" content="text/html;charset=utf-8" />
  <meta name='ocr-system' content='tesseract 3.04.00' />
  <meta name='ocr-capabilities' content='ocr_page ocr_carea ocr_par ocr_line ocrx_word'/>
</head>
<body>
  <div class='ocr_page' id='page_1' title='image "./tliviipatavinih04unkngoog_0579.png"; bbox 0 0 3025 4892; ppageno 0'>
   <div class='ocr_carea' id='block_1_1' title="bbox 928 349 2422 424">
    <p class='ocr_par' dir='ltr' id='par_1_1' title="bbox 928 349 2422 424">
     <span class='ocr_line' id='line_1_1' title="bbox 928 349 2422 424; baseline 0.008 -12"><span class='ocrx_word' id='word_1_1' title='bbox 928 364 1074 415; x_wconf 75' lang='lat' dir='ltr'><strong>ms.</strong></span> <span class='ocrx_word' id='word_1_2' title='bbox 1122 364 1361 416; x_wconf 82' lang='lat' dir='ltr'><strong>xxm.</strong></span> <span class='ocrx_word' id='word_1_3' title='bbox 1405 366 1566 417; x_wconf 68' lang='lat' dir='ltr'><strong>cu.</strong></span> <span class='ocrx_word' id='word_1_4' title='bbox 1607 349 1719 417; x_wconf 81' lang='lat'><strong>35.</strong></span> <span class='ocrx_word' id='word_1_5' title='bbox 2247 355 2422 424; x_wconf 72' lang='lat'>1955</span> 
     </span>
    </p>
   </div>
   <div class='ocr_carea' id='block_1_2' title="bbox 222 508 2482 2752">
    <p class='ocr_par' dir='ltr' id='par_1_2' title="bbox 222 508 2482 2752">
     <span class='ocr_line' id='line_1_2' title="bbox 243 508 2421 600; baseline 0.003 -25"><span class='ocrx_word' id='word_1_6' title='bbox 243 510 491 576; x_wconf 86' lang='lat' dir='ltr'><strong>tirones</strong></span> <span class='ocrx_word' id='word_1_7' title='bbox 510 511 633 596; x_wconf 87' lang='lat' dir='ltr'><strong>(ea</strong></span> <span class='ocrx_word' id='word_1_8' title='bbox 659 508 954 575; x_wconf 87' lang='lat' dir='ltr'><strong>maxima</strong></span> <span class='ocrx_word' id='word_1_9' title='bbox 980 528 1138 595; x_wconf 85' lang='lat' dir='ltr'><strong>pars</strong></span> <span class='ocrx_word' id='word_1_10' title='bbox 1163 512 1470 577; x_wconf 83' lang='lat' dir='ltr'><strong>volonum</strong></span> <span class='ocrx_word' id='word_1_11' title='bbox 1498 509 1712 590; x_wconf 80' lang='lat' dir='ltr'><strong>erat)⁴</strong></span> <span class='ocrx_word' id='word_1_12' title='bbox 1737 522 2198 581; x_wconf 78' lang='lat' dir='ltr'><strong>assuescerent</strong></span> <span class='ocrx_word' id='word_1_13' title='bbox 2229 517 2421 600; x_wconf 80' lang='lat' dir='ltr'><strong>signa</strong></span> 
     </span>
     <span class='ocr_line' id='line_1_3' title="bbox 239 612 2419 702; baseline 0.004 -25"><span class='ocrx_word' id='word_1_14' title='bbox 239 613 453 696; x_wconf 89' lang='lat' dir='ltr'><strong>sequi,</strong></span> <span class='ocrx_word' id='word_1_15' title='bbox 509 618 580 678; x_wconf 88' lang='lat' dir='ltr'><strong>et</strong></span> <span class='ocrx_word' id='word_1_16' title='bbox 636 614 706 678; x_wconf 87' lang='lat' dir='ltr'><strong>in</strong></span> <span class='ocrx_word' id='word_1_17' title='bbox 763 612 913 679; x_wconf 88' lang='lat' dir='ltr'><strong>acie</strong></span> <span class='ocrx_word' id='word_1_18' title='bbox 970 632 1336 695; x_wconf 72' lang='lat' dir='ltr'><strong>agnoscere</strong></span> <span class='ocrx_word' id='word_1_19' title='bbox 1392 614 1662 681; x_wconf 83' lang='lat' dir='ltr'><strong>ordines</strong></span> <span class='ocrx_word' id='word_1_20' title='bbox 1719 633 1901 681; x_wconf 87' lang='lat' dir='ltr'><strong>suos.</strong></span> <span class='ocrx_word' id='word_1_21' title='bbox 2020 617 2201 683; x_wconf 90' lang='lat' dir='ltr'><strong>Inter</strong></span> <span class='ocrx_word' id='word_1_22' title='bbox 2261 638 2419 702; x_wconf 78' lang='lat' dir='ltr'><strong>quae</strong></span> 
     </span>
     <span class='ocr_line' id='line_1_4' title="bbox 238 711 2419 805; baseline 0.003 -27"><span class='ocrx_word' id='word_1_23' title='bbox 238 714 534 779; x_wconf 82' lang='lat' dir='ltr'><strong>maxima</strong></span> <span class='ocrx_word' id='word_1_24' title='bbox 563 715 773 780; x_wconf 86' lang='lat' dir='ltr'><strong>inerat</strong></span> <span class='ocrx_word' id='word_1_25' title='bbox 802 733 965 780; x_wconf 90' lang='lat' dir='ltr'><strong>cura</strong></span> <span class='ocrx_word' id='word_1_26' title='bbox 992 714 1198 791; x_wconf 80' lang='lat' dir='ltr'><strong>duci‚⁵</strong></span> <span class='ocrx_word' id='word_1_27' title='bbox 1215 711 1242 752; x_wconf 70' lang='lat'><strong>¹³</strong></span> <span class='ocrx_word' id='word_1_28' title='bbox 1270 718 1497 801; x_wconf 88' lang='lat' dir='ltr'><strong>itaque</strong></span> <span class='ocrx_word' id='word_1_29' title='bbox 1525 716 1769 800; x_wconf 82' lang='lat' dir='ltr'><strong>legatis</strong></span> <span class='ocrx_word' id='word_1_30' title='bbox 1799 719 2217 805; x_wconf 82' lang='lat' dir='ltr'><strong>tribunisque</strong></span> <span class='ocrx_word' id='word_1_31' title='bbox 2246 740 2419 804; x_wconf 80' lang='lat' dir='ltr'><strong>prse-</strong></span> 
     </span>
     <span class='ocr_line' id='line_1_5' title="bbox 237 817 2418 903; baseline 0.004 -24"><span class='ocrx_word' id='word_1_32' title='bbox 237 822 533 898; x_wconf 88' lang='lat' dir='ltr'><strong>ceperat,</strong></span> <span class='ocrx_word' id='word_1_33' title='bbox 577 820 599 851; x_wconf 86' lang='lat'>‘</span> <span class='ocrx_word' id='word_1_34' title='bbox 627 835 708 881; x_wconf 90' lang='lat' dir='ltr'><strong>ne</strong></span> <span class='ocrx_word' id='word_1_35' title='bbox 753 836 887 900; x_wconf 89' lang='lat' dir='ltr'><strong>qua</strong></span> <span class='ocrx_word' id='word_1_36' title='bbox 925 819 1354 901; x_wconf 80' lang='lat' dir='ltr'><strong>exprobratio</strong></span> <span class='ocrx_word' id='word_1_37' title='bbox 1402 818 1713 903; x_wconf 88' lang='lat' dir='ltr'><strong>cuiquam</strong></span> <span class='ocrx_word' id='word_1_38' title='bbox 1731 817 1760 859; x_wconf 88' lang='lat'><strong><em>⁶</em></strong></span> <span class='ocrx_word' id='word_1_39' title='bbox 1806 821 2054 886; x_wconf 86' lang='lat' dir='ltr'><strong>veteris</strong></span> <span class='ocrx_word' id='word_1_40' title='bbox 2101 819 2418 887; x_wconf 78' lang='lat' dir='ltr'><strong>fortunse¹</strong></span> 
     </span>
     <span class='ocr_line' id='line_1_6' title="bbox 236 916 2418 1003; baseline 0.003 -22"><span class='ocrx_word' id='word_1_41' title='bbox 236 916 637 982; x_wconf 78' lang='lat' dir='ltr'><strong>discordiam</strong></span> <span class='ocrx_word' id='word_1_42' title='bbox 666 918 835 983; x_wconf 89' lang='lat' dir='ltr'><strong>inter</strong></span> <span class='ocrx_word' id='word_1_43' title='bbox 861 919 1130 985; x_wconf 85' lang='lat' dir='ltr'><strong>ordines</strong></span> <span class='ocrx_word' id='word_1_44' title='bbox 1168 927 1455 987; x_wconf 85' lang='lat' dir='ltr'><strong>sereret.</strong></span> <span class='ocrx_word' id='word_1_45' title='bbox 1498 928 1696 986; x_wconf 85' lang='lat' dir='ltr'><strong>vetus</strong></span> <span class='ocrx_word' id='word_1_46' title='bbox 1737 922 1933 986; x_wconf 90' lang='lat' dir='ltr'><strong>miles</strong></span> <span class='ocrx_word' id='word_1_47' title='bbox 1982 923 2207 1003; x_wconf 87' lang='lat' dir='ltr'><strong>tironi,</strong></span> <span class='ocrx_word' id='word_1_48' title='bbox 2249 924 2418 988; x_wconf 89' lang='lat' dir='ltr'><strong>liber</strong></span> 
     </span>
     <span class='ocr_line' id='line_1_7' title="bbox 234 1018 2415 1108; baseline 0.003 -26"><span class='ocrx_word' id='word_1_49' title='bbox 234 1018 463 1084; x_wconf 84' lang='lat' dir='ltr'><strong>voloni</strong></span> <span class='ocrx_word' id='word_1_50' title='bbox 493 1038 645 1084; x_wconf 87' lang='lat' dir='ltr'><strong>sese</strong></span> <span class='ocrx_word' id='word_1_51' title='bbox 675 1021 1025 1104; x_wconf 81' lang='lat' dir='ltr'><strong>exaequari</strong></span> <span class='ocrx_word' id='word_1_52' title='bbox 1069 1020 1355 1088; x_wconf 85' lang='lat' dir='ltr'><strong>sineret:</strong></span> <span class='ocrx_word' id='word_1_53' title='bbox 1399 1041 1628 1088; x_wconf 90' lang='lat' dir='ltr'><strong>omues</strong></span> <span class='ocrx_word' id='word_1_54' title='bbox 1672 1023 1842 1088; x_wconf 87' lang='lat' dir='ltr'><strong>satis</strong></span> <span class='ocrx_word' id='word_1_55' title='bbox 1879 1024 2193 1089; x_wconf 85' lang='lat' dir='ltr'><strong>honestos</strong></span> <span class='ocrx_word' id='word_1_56' title='bbox 2221 1044 2415 1108; x_wconf 79' lang='lat' dir='ltr'><strong>gene-</strong></span> 
     </span>
     <span class='ocr_line' id='line_1_8' title="bbox 231 1120 2414 1209; baseline 0.003 -24"><span class='ocrx_word' id='word_1_57' title='bbox 231 1139 561 1205; x_wconf 84' lang='lat' dir='ltr'><strong>rososque</strong></span> <span class='ocrx_word' id='word_1_58' title='bbox 590 1121 921 1202; x_wconf 84' lang='lat' dir='ltr'><strong>ducerent,</strong></span> <span class='ocrx_word' id='word_1_59' title='bbox 958 1125 1201 1206; x_wconf 88' lang='lat' dir='ltr'><strong>quibus</strong></span> <span class='ocrx_word' id='word_1_60' title='bbox 1232 1144 1419 1191; x_wconf 87' lang='lat' dir='ltr'><strong>arma</strong></span> <span class='ocrx_word' id='word_1_61' title='bbox 1449 1144 1576 1189; x_wconf 88' lang='lat' dir='ltr'><strong>sua</strong></span> <span class='ocrx_word' id='word_1_62' title='bbox 1603 1125 1928 1207; x_wconf 81' lang='lat' dir='ltr'><strong>signaque</strong></span> <span class='ocrx_word' id='word_1_63' title='bbox 1949 1126 2240 1209; x_wconf 87' lang='lat' dir='ltr'><strong>populus</strong></span> <span class='ocrx_word' id='word_1_64' title='bbox 2271 1120 2414 1191; x_wconf 87' lang='lat' dir='ltr'><strong>Ro-</strong></span> 
     </span>
     <span class='ocr_line' id='line_1_9' title="bbox 229 1222 2412 1308; baseline 0.003 -22"><span class='ocrx_word' id='word_1_65' title='bbox 229 1238 463 1288; x_wconf 89' lang='lat' dir='ltr'><strong>manus</strong></span> <span class='ocrx_word' id='word_1_66' title='bbox 482 1223 941 1288; x_wconf 87' lang='lat' dir='ltr'><strong>commisisset.</strong></span> <span class='ocrx_word' id='word_1_67' title='bbox 987 1222 1166 1303; x_wconf 77' lang='lat' dir='ltr'><strong>Quae</strong></span> <span class='ocrx_word' id='word_1_68' title='bbox 1186 1226 1453 1292; x_wconf 84' lang='lat' dir='ltr'><strong>fortuna</strong></span> <span class='ocrx_word' id='word_1_69' title='bbox 1475 1224 1810 1308; x_wconf 66' lang='lat' dir='ltr'><strong>coegisset</strong></span> <span class='ocrx_word' id='word_1_70' title='bbox 1832 1226 1923 1292; x_wconf 87' lang='lat' dir='ltr'><strong>ita</strong></span> <span class='ocrx_word' id='word_1_71' title='bbox 1940 1226 2105 1304; x_wconf 88' lang='lat' dir='ltr'><strong>fieri,</strong></span> <span class='ocrx_word' id='word_1_72' title='bbox 2124 1227 2412 1293; x_wconf 86' lang='lat' dir='ltr'><strong>eandem</strong></span> 
     </span>
     <span class='ocr_line' id='line_1_10' title="bbox 232 1324 2412 1414; baseline 0.003 -26"><span class='ocrx_word' id='word_1_73' title='bbox 232 1342 466 1405; x_wconf 84' lang='lat' dir='ltr'><strong>cogere</strong></span> <span class='ocrx_word' id='word_1_74' title='bbox 509 1324 674 1390; x_wconf 85' lang='lat' dir='ltr'><strong>tueri</strong></span> <span class='ocrx_word' id='word_1_75' title='bbox 718 1325 1020 1393; x_wconf 67' lang='lat' dir='ltr'><strong>factum!</strong></span> <span class='ocrx_word' id='word_1_76' title='bbox 1106 1327 1209 1393; x_wconf 86' lang='lat' dir='ltr'><strong>Ea</strong></span> <span class='ocrx_word' id='word_1_77' title='bbox 1261 1347 1395 1393; x_wconf 91' lang='lat' dir='ltr'><strong>non</strong></span> <span class='ocrx_word' id='word_1_78' title='bbox 1443 1330 1692 1414; x_wconf 86' lang='lat' dir='ltr'><strong>majore</strong></span> <span class='ocrx_word' id='word_1_79' title='bbox 1734 1347 1896 1393; x_wconf 90' lang='lat' dir='ltr'><strong>cura</strong></span> <span class='ocrx_word' id='word_1_80' title='bbox 1936 1336 2281 1414; x_wconf 78' lang='lat' dir='ltr'><strong>praecepta</strong></span> <span class='ocrx_word' id='word_1_81' title='bbox 2324 1330 2412 1394; x_wconf 90' lang='lat' dir='ltr'><strong>ab</strong></span> 
     </span>
     <span class='ocr_line' id='line_1_11' title="bbox 233 1423 2414 1516; baseline 0.004 -26"><span class='ocrx_word' id='word_1_82' title='bbox 233 1423 517 1491; x_wconf 90' lang='lat' dir='ltr'><strong>ducibus</strong></span> <span class='ocrx_word' id='word_1_83' title='bbox 544 1432 727 1506; x_wconf 88' lang='lat' dir='ltr'><strong>sunt,</strong></span> <span class='ocrx_word' id='word_1_84' title='bbox 769 1446 973 1510; x_wconf 88' lang='lat' dir='ltr'><strong>quam</strong></span> <span class='ocrx_word' id='word_1_85' title='bbox 1001 1448 1045 1493; x_wconf 89' lang='lat' dir='ltr'><strong>a</strong></span> <span class='ocrx_word' id='word_1_86' title='bbox 1070 1430 1397 1497; x_wconf 85' lang='lat' dir='ltr'><strong>militibus</strong></span> <span class='ocrx_word' id='word_1_87' title='bbox 1428 1432 1832 1496; x_wconf 81' lang='lat' dir='ltr'><strong>observata:</strong></span> <span class='ocrx_word' id='word_1_88' title='bbox 1878 1432 2196 1516; x_wconf 83' lang='lat' dir='ltr'><strong>brevique</strong></span> <span class='ocrx_word' id='word_1_89' title='bbox 2224 1436 2414 1498; x_wconf 85' lang='lat' dir='ltr'><strong>tanta</strong></span> 
     </span>
     <span class='ocr_line' id='line_1_12' title="bbox 232 1528 2413 1617; baseline 0.003 -26"><span class='ocrx_word' id='word_1_90' title='bbox 232 1528 597 1594; x_wconf 87' lang='lat' dir='ltr'><strong>concordia</strong></span> <span class='ocrx_word' id='word_1_91' title='bbox 642 1529 1034 1597; x_wconf 85' lang='lat' dir='ltr'><strong>coaluerant</strong></span> <span class='ocrx_word' id='word_1_92' title='bbox 1076 1532 1370 1597; x_wconf 85' lang='lat' dir='ltr'><strong>omnium</strong></span> <span class='ocrx_word' id='word_1_93' title='bbox 1418 1531 1643 1605; x_wconf 89' lang='lat' dir='ltr'><strong>animi,</strong></span> <span class='ocrx_word' id='word_1_94' title='bbox 1688 1538 1762 1598; x_wconf 90' lang='lat' dir='ltr'><strong>ut</strong></span> <span class='ocrx_word' id='word_1_95' title='bbox 1808 1552 2016 1617; x_wconf 80' lang='lat' dir='ltr'><strong>prope</strong></span> <span class='ocrx_word' id='word_1_96' title='bbox 2061 1534 2131 1597; x_wconf 90' lang='lat' dir='ltr'><strong>in</strong></span> <span class='ocrx_word' id='word_1_97' title='bbox 2178 1533 2413 1598; x_wconf 85' lang='lat' dir='ltr'><strong>oblivi-</strong></span> 
     </span>
     <span class='ocr_line' id='line_1_13' title="bbox 232 1633 2411 1720; baseline 0.002 -25"><span class='ocrx_word' id='word_1_98' title='bbox 232 1648 417 1696; x_wconf 83' lang='lat' dir='ltr'><strong>onem</strong></span> <span class='ocrx_word' id='word_1_99' title='bbox 478 1633 791 1710; x_wconf 80' lang='lat' dir='ltr'><strong>veniret,⁷</strong></span> <span class='ocrx_word' id='word_1_100' title='bbox 851 1652 984 1715; x_wconf 88' lang='lat' dir='ltr'><strong>qua</strong></span> <span class='ocrx_word' id='word_1_101' title='bbox 1044 1653 1161 1718; x_wconf 23' lang='lat' dir='ltr'><strong>ex·</strong></span> <span class='ocrx_word' id='word_1_102' title='bbox 1195 1634 1579 1701; x_wconf 90' lang='lat' dir='ltr'><strong>conditione</strong></span> <span class='ocrx_word' id='word_1_103' title='bbox 1629 1636 1915 1720; x_wconf 84' lang='lat' dir='ltr'><strong>quiaque</strong></span> <span class='ocrx_word' id='word_1_104' title='bbox 1974 1640 2158 1700; x_wconf 89' lang='lat' dir='ltr'><strong>esset</strong></span> <span class='ocrx_word' id='word_1_105' title='bbox 2214 1636 2411 1701; x_wconf 88' lang='lat' dir='ltr'><strong>miles</strong></span> 
     </span>
     <span class='ocr_line' id='line_1_14' title="bbox 225 1731 2409 1819; baseline 0.002 -23"><span class='ocrx_word' id='word_1_106' title='bbox 225 1731 467 1798; x_wconf 85' lang='lat' dir='ltr'><strong>factus.</strong></span> <span class='ocrx_word' id='word_1_107' title='bbox 560 1733 738 1800; x_wconf 79' lang='lat' dir='ltr'><strong>Haec</strong></span> <span class='ocrx_word' id='word_1_108' title='bbox 789 1735 1013 1817; x_wconf 84' lang='lat' dir='ltr'><strong>agenti</strong></span> <span class='ocrx_word' id='word_1_109' title='bbox 1060 1734 1373 1802; x_wconf 83' lang='lat' dir='ltr'><strong>Graccho</strong></span> <span class='ocrx_word' id='word_1_110' title='bbox 1422 1736 1624 1819; x_wconf 81' lang='lat' dir='ltr'><strong>legati</strong></span> <span class='ocrx_word' id='word_1_111' title='bbox 1674 1734 1961 1800; x_wconf 86' lang='lat' dir='ltr'><strong>Cumani</strong></span> <span class='ocrx_word' id='word_1_112' title='bbox 2006 1738 2409 1814; x_wconf 86' lang='lat' dir='ltr'><strong>nuntiarunt,</strong></span> 
     </span>
     <span class='ocr_line' id='line_1_15' title="bbox 228 1833 2412 1922; baseline 0.001 -22"><span class='ocrx_word' id='word_1_113' title='bbox 228 1854 373 1917; x_wconf 80' lang='lat' dir='ltr'><strong>quae</strong></span> <span class='ocrx_word' id='word_1_114' title='bbox 400 1853 445 1900; x_wconf 85' lang='lat' dir='ltr'><strong>a</strong></span> <span class='ocrx_word' id='word_1_115' title='bbox 474 1833 841 1921; x_wconf 85' lang='lat' dir='ltr'><strong>Campanis</strong></span> <span class='ocrx_word' id='word_1_116' title='bbox 867 1836 1115 1920; x_wconf 78' lang='lat' dir='ltr'><strong>legatio</strong></span> <span class='ocrx_word' id='word_1_117' title='bbox 1144 1857 1405 1921; x_wconf 86' lang='lat' dir='ltr'><strong>paucos</strong></span> <span class='ocrx_word' id='word_1_118' title='bbox 1430 1845 1588 1903; x_wconf 87' lang='lat' dir='ltr'><strong>ante</strong></span> <span class='ocrx_word' id='word_1_119' title='bbox 1620 1838 1769 1902; x_wconf 89' lang='lat' dir='ltr'><strong>dies</strong></span> <span class='ocrx_word' id='word_1_120' title='bbox 1801 1838 2123 1915; x_wconf 86' lang='lat' dir='ltr'><strong>venisset,</strong></span> <span class='ocrx_word' id='word_1_121' title='bbox 2153 1843 2220 1903; x_wconf 92' lang='lat' dir='ltr'><strong>et</strong></span> <span class='ocrx_word' id='word_1_122' title='bbox 2248 1837 2412 1922; x_wconf 88' lang='lat' dir='ltr'><strong>quid</strong></span> 
     </span>
     <span class='ocr_line' id='line_1_16' title="bbox 227 1934 2409 2024; baseline 0.001 -23"><span class='ocrx_word' id='word_1_123' title='bbox 227 1934 308 2000; x_wconf 87' lang='lat' dir='ltr'><strong>iis</strong></span> <span class='ocrx_word' id='word_1_124' title='bbox 334 1938 467 2021; x_wconf 90' lang='lat' dir='ltr'><strong>ipsi</strong></span> <span class='ocrx_word' id='word_1_125' title='bbox 497 1938 1033 2022; x_wconf 84' lang='lat' dir='ltr'><strong>respondissent:</strong></span> <span class='ocrx_word' id='word_1_126' title='bbox 1064 1940 1352 2005; x_wconf 91' lang='lat' dir='ltr'><strong>triduum</strong></span> <span class='ocrx_word' id='word_1_127' title='bbox 1384 1948 1549 2024; x_wconf 88' lang='lat' dir='ltr'><strong>post</strong></span> <span class='ocrx_word' id='word_1_128' title='bbox 1565 1960 1717 2006; x_wconf 89' lang='lat' dir='ltr'><strong>eum</strong></span> <span class='ocrx_word' id='word_1_129' title='bbox 1747 1941 1927 2005; x_wconf 89' lang='lat' dir='ltr'><strong>diem</strong></span> <span class='ocrx_word' id='word_1_130' title='bbox 1949 1942 2182 2006; x_wconf 82' lang='lat' dir='ltr'><strong>festum</strong></span> <span class='ocrx_word' id='word_1_131' title='bbox 2211 1959 2409 2005; x_wconf 89' lang='lat' dir='ltr'><strong>esse:</strong></span> 
     </span>
     <span class='ocr_line' id='line_1_17' title="bbox 226 2040 2482 2121; baseline 0 -18"><span class='ocrx_word' id='word_1_132' title='bbox 226 2056 355 2105; x_wconf 89' lang='lat' dir='ltr'><strong>non</strong></span> <span class='ocrx_word' id='word_1_133' title='bbox 383 2045 685 2106; x_wconf 89' lang='lat' dir='ltr'><strong>senatum</strong></span> <span class='ocrx_word' id='word_1_134' title='bbox 712 2042 927 2107; x_wconf 90' lang='lat' dir='ltr'><strong>solum</strong></span> <span class='ocrx_word' id='word_1_135' title='bbox 966 2061 1229 2107; x_wconf 89' lang='lat' dir='ltr'><strong>omnem</strong></span> <span class='ocrx_word' id='word_1_136' title='bbox 1269 2043 1362 2107; x_wconf 92' lang='lat' dir='ltr'><strong>ibi</strong></span> <span class='ocrx_word' id='word_1_137' title='bbox 1409 2042 1731 2121; x_wconf 84' lang='lat' dir='ltr'><strong>futurum,</strong></span> <span class='ocrx_word' id='word_1_138' title='bbox 1780 2041 1901 2107; x_wconf 89' lang='lat' dir='ltr'><strong>sed</strong></span> <span class='ocrx_word' id='word_1_139' title='bbox 1951 2049 2174 2107; x_wconf 87' lang='lat' dir='ltr'><strong>castra</strong></span> <span class='ocrx_word' id='word_1_140' title='bbox 2200 2040 2409 2105; x_wconf 85' lang='lat' dir='ltr'><strong>etiam</strong></span> <span class='ocrx_word' id='word_1_141' title='bbox 2473 2088 2482 2095; x_wconf 89' lang='lat'><strong>.</strong></span> 
     </span>
     <span class='ocr_line' id='line_1_18' title="bbox 225 2140 2408 2228; baseline 0.001 -23"><span class='ocrx_word' id='word_1_142' title='bbox 225 2146 288 2205; x_wconf 88' lang='lat' dir='ltr'><strong>et</strong></span> <span class='ocrx_word' id='word_1_143' title='bbox 313 2143 674 2208; x_wconf 86' lang='lat' dir='ltr'><strong>exercitum</strong></span> <span class='ocrx_word' id='word_1_144' title='bbox 699 2142 1136 2228; x_wconf 88' lang='lat' dir='ltr'><strong>Campanum.</strong></span> <span class='ocrx_word' id='word_1_145' title='bbox 1196 2143 1566 2222; x_wconf 83' lang='lat' dir='ltr'><strong>Gracchus,</strong></span> <span class='ocrx_word' id='word_1_146' title='bbox 1587 2144 1804 2228; x_wconf 89' lang='lat' dir='ltr'><strong>jussis</strong></span> <span class='ocrx_word' id='word_1_147' title='bbox 1829 2140 2151 2207; x_wconf 86' lang='lat' dir='ltr'><strong>Cumanis</strong></span> <span class='ocrx_word' id='word_1_148' title='bbox 2181 2142 2408 2207; x_wconf 88' lang='lat' dir='ltr'><strong>omnia</strong></span> 
     </span>
     <span class='ocr_line' id='line_1_19' title="bbox 227 2235 2408 2328; baseline 0 -21"><span class='ocrx_word' id='word_1_149' title='bbox 227 2261 311 2307; x_wconf 83' lang='lat' dir='ltr'><strong>ex</strong></span> <span class='ocrx_word' id='word_1_150' title='bbox 339 2246 521 2328; x_wconf 81' lang='lat' dir='ltr'><strong>agris</strong></span> <span class='ocrx_word' id='word_1_151' title='bbox 550 2245 620 2309; x_wconf 91' lang='lat' dir='ltr'><strong>in</strong></span> <span class='ocrx_word' id='word_1_152' title='bbox 648 2245 875 2311; x_wconf 85' lang='lat' dir='ltr'><strong>urbem</strong></span> <span class='ocrx_word' id='word_1_153' title='bbox 905 2246 1290 2325; x_wconf 83' lang='lat' dir='ltr'><strong>convehere,</strong></span> <span class='ocrx_word' id='word_1_154' title='bbox 1335 2252 1405 2311; x_wconf 88' lang='lat' dir='ltr'><strong>et</strong></span> <span class='ocrx_word' id='word_1_155' title='bbox 1440 2264 1703 2310; x_wconf 89' lang='lat' dir='ltr'><strong>manere</strong></span> <span class='ocrx_word' id='word_1_156' title='bbox 1743 2235 1923 2310; x_wconf 79' lang='lat' dir='ltr'><strong>&#39;intra</strong></span> <span class='ocrx_word' id='word_1_157' title='bbox 1968 2262 2217 2321; x_wconf 87' lang='lat' dir='ltr'><strong>muros,</strong></span> <span class='ocrx_word' id='word_1_158' title='bbox 2261 2246 2408 2328; x_wconf 88' lang='lat' dir='ltr'><strong>ipse</strong></span> 
     </span>
     <span class='ocr_line' id='line_1_20' title="bbox 225 2343 2410 2432; baseline -0 -22"><span class='ocrx_word' id='word_1_159' title='bbox 225 2345 456 2428; x_wconf 87' lang='lat' dir='ltr'><strong>pridie,</strong></span> <span class='ocrx_word' id='word_1_160' title='bbox 496 2367 704 2432; x_wconf 90' lang='lat' dir='ltr'><strong>quam</strong></span> <span class='ocrx_word' id='word_1_161' title='bbox 746 2346 1038 2412; x_wconf 76' lang='lat' dir='ltr'><strong>statum⁸</strong></span> <span class='ocrx_word' id='word_1_162' title='bbox 1087 2347 1492 2414; x_wconf 88' lang='lat' dir='ltr'><strong>sacrificium</strong></span> <span class='ocrx_word' id='word_1_163' title='bbox 1524 2346 1891 2432; x_wconf 85' lang='lat' dir='ltr'><strong>Campanis</strong></span> <span class='ocrx_word' id='word_1_164' title='bbox 1917 2351 2117 2424; x_wconf 89' lang='lat' dir='ltr'><strong>esset,</strong></span> <span class='ocrx_word' id='word_1_165' title='bbox 2159 2343 2410 2410; x_wconf 87' lang='lat' dir='ltr'><strong>Cumas</strong></span> 
     </span>
     <span class='ocr_line' id='line_1_21' title="bbox 223 2448 2404 2533; baseline -0 -22"><span class='ocrx_word' id='word_1_166' title='bbox 223 2455 442 2513; x_wconf 87' lang='lat' dir='ltr'><strong>movet</strong></span> <span class='ocrx_word' id='word_1_167' title='bbox 494 2454 741 2514; x_wconf 87' lang='lat' dir='ltr'><strong>castra.</strong></span> <span class='ocrx_word' id='word_1_168' title='bbox 827 2448 1075 2514; x_wconf 79' lang='lat' dir='ltr'><strong>Hamae</strong></span> <span class='ocrx_word' id='word_1_169' title='bbox 1118 2449 1272 2514; x_wconf 88' lang='lat' dir='ltr'><strong>inde</strong></span> <span class='ocrx_word' id='word_1_170' title='bbox 1319 2451 1445 2515; x_wconf 86' lang='lat' dir='ltr'><strong>tria</strong></span> <span class='ocrx_word' id='word_1_171' title='bbox 1491 2450 1703 2515; x_wconf 88' lang='lat' dir='ltr'><strong>millia</strong></span> <span class='ocrx_word' id='word_1_172' title='bbox 1758 2468 2083 2533; x_wconf 87' lang='lat' dir='ltr'><strong>passuum</strong></span> <span class='ocrx_word' id='word_1_173' title='bbox 2135 2448 2404 2512; x_wconf 87' lang='lat' dir='ltr'><strong>absunt.</strong></span> 
     </span>
     <span class='ocr_line' id='line_1_22' title="bbox 222 2546 2406 2635; baseline 0 -23"><span class='ocrx_word' id='word_1_174' title='bbox 222 2546 265 2612; x_wconf 82' lang='lat' dir='ltr'><strong>J</strong></span> <span class='ocrx_word' id='word_1_175' title='bbox 267 2568 370 2614; x_wconf 90' lang='lat' dir='ltr'><strong>am</strong></span> <span class='ocrx_word' id='word_1_176' title='bbox 417 2550 756 2634; x_wconf 87' lang='lat' dir='ltr'><strong>Campani</strong></span> <span class='ocrx_word' id='word_1_177' title='bbox 799 2570 880 2616; x_wconf 90' lang='lat' dir='ltr'><strong>eo</strong></span> <span class='ocrx_word' id='word_1_178' title='bbox 926 2551 1312 2633; x_wconf 86' lang='lat' dir='ltr'><strong>frequentes</strong></span> <span class='ocrx_word' id='word_1_179' title='bbox 1376 2571 1464 2616; x_wconf 84' lang='lat' dir='ltr'><strong>ex</strong></span> <span class='ocrx_word' id='word_1_180' title='bbox 1519 2552 1899 2635; x_wconf 89' lang='lat' dir='ltr'><strong>composito</strong></span> <span class='ocrx_word' id='word_1_181' title='bbox 1947 2554 2406 2626; x_wconf 83' lang='lat' dir='ltr'><strong>convenerant,</strong></span> 
     </span>
     <span class='ocr_line' id='line_1_23' title="bbox 224 2649 2406 2752; baseline 0.002 -41"><span class='ocrx_word' id='word_1_182' title='bbox 224 2667 342 2716; x_wconf 86' lang='lat' dir='ltr'><strong>nec</strong></span> <span class='ocrx_word' id='word_1_183' title='bbox 387 2652 625 2735; x_wconf 91' lang='lat' dir='ltr'><strong>procul</strong></span> <span class='ocrx_word' id='word_1_184' title='bbox 661 2650 812 2716; x_wconf 87' lang='lat' dir='ltr'><strong>inde</strong></span> <span class='ocrx_word' id='word_1_185' title='bbox 848 2651 918 2716; x_wconf 88' lang='lat' dir='ltr'><strong>in</strong></span> <span class='ocrx_word' id='word_1_186' title='bbox 966 2652 1240 2717; x_wconf 90' lang='lat' dir='ltr'><strong>occulto</strong></span> <span class='ocrx_word' id='word_1_187' title='bbox 1279 2650 1542 2752; x_wconf 74' lang='lat' dir='ltr'><strong>Marius</strong></span> <span class='ocrx_word' id='word_1_188' title='bbox 1572 2649 1793 2717; x_wconf 86' lang='lat' dir='ltr'><strong>Alfius</strong></span> <span class='ocrx_word' id='word_1_189' title='bbox 1818 2659 1857 2687; x_wconf 83' lang='lat'><strong>¹¹²</strong></span> <span class='ocrx_word' id='word_1_190' title='bbox 1905 2650 2406 2716; x_wconf 83' lang='lat' dir='ltr'><strong>Medixtuticus</strong></span> 
     </span>
    </p>
   </div>
   <div class='ocr_carea' id='block_1_3' title="bbox 1131 2798 1490 2821">
    <p class='ocr_par' dir='ltr' id='par_1_3' title="bbox 1131 2798 1490 2821">
     <span class='ocr_line' id='line_1_24' title="bbox 1131 2798 1490 2821; baseline 0.003 -3"><span class='ocrx_word' id='word_1_191' title='bbox 1131 2799 1160 2818; x_wconf 70' lang='lat' dir='ltr'><em>O</em></span> <span class='ocrx_word' id='word_1_192' title='bbox 1164 2798 1490 2821; x_wconf 60' lang='lat' dir='ltr'><strong>mum</strong></span> 
     </span>
    </p>
   </div>
   <div class='ocr_carea' id='block_1_4' title="bbox 218 2897 2410 3105">
    <p class='ocr_par' dir='ltr' id='par_1_4' title="bbox 218 2897 2408 3094">
     <span class='ocr_line' id='line_1_25' title="bbox 218 2897 2408 2963; baseline -0.001 -15"><span class='ocrx_word' id='word_1_193' title='bbox 218 2902 293 2948; x_wconf 70' lang='grc' dir='ltr'><strong>δ’</strong></span> <span class='ocrx_word' id='word_1_194' title='bbox 316 2898 576 2963; x_wconf 67' lang='lat' dir='ltr'><strong>luter-qua.-</strong></span> <span class='ocrx_word' id='word_1_195' title='bbox 595 2899 852 2949; x_wconf 70' lang='lat' dir='ltr'><strong>eonem-dia</strong></span> <span class='ocrx_word' id='word_1_196' title='bbox 883 2897 1094 2949; x_wconf 68' lang='lat' dir='ltr'><strong>maxima</strong></span> <span class='ocrx_word' id='word_1_197' title='bbox 1125 2906 1230 2950; x_wconf 73' lang='lat' dir='ltr'><strong>emt</strong></span> <span class='ocrx_word' id='word_1_198' title='bbox 1261 2916 1376 2950; x_wconf 71' lang='lat' dir='ltr'><strong>eam</strong></span> <span class='ocrx_word' id='word_1_199' title='bbox 1394 2900 1504 2950; x_wconf 74' lang='lat' dir='ltr'><strong>daci</strong></span> <span class='ocrx_word' id='word_1_200' title='bbox 1527 2899 1660 2950; x_wconf 84' lang='lat' dir='ltr'><strong>Edd·</strong></span> <span class='ocrx_word' id='word_1_201' title='bbox 1691 2905 1813 2950; x_wconf 86' lang='lat' dir='ltr'><strong>ante</strong></span> <span class='ocrx_word' id='word_1_202' title='bbox 1843 2900 2073 2949; x_wconf 80' lang='lat' dir='ltr'><strong>Gronov.</strong></span> <span class='ocrx_word' id='word_1_203' title='bbox 2145 2897 2283 2946; x_wconf 72' lang='lat' dir='ltr'><strong>Inter</strong></span> <span class='ocrx_word' id='word_1_204' title='bbox 2303 2911 2408 2959; x_wconf 70' lang='lat' dir='ltr'><strong>qua</strong></span> 
     </span>
     <span class='ocr_line' id='line_1_26' title="bbox 223 2960 2409 3016; baseline -0.002 -3"><span class='ocrx_word' id='word_1_205' title='bbox 223 2977 346 3015; x_wconf 68' lang='lat' dir='ltr'><strong>m.</strong></span> <span class='ocrx_word' id='word_1_206' title='bbox 364 2964 526 3015; x_wconf 73' lang='lat' dir='ltr'><strong>inerat</strong></span> <span class='ocrx_word' id='word_1_207' title='bbox 547 2970 647 3014; x_wconf 68' lang='lat' dir='ltr'><strong>tun</strong></span> <span class='ocrx_word' id='word_1_208' title='bbox 679 2979 795 3015; x_wconf 75' lang='lat' dir='ltr'><strong>euru</strong></span> <span class='ocrx_word' id='word_1_209' title='bbox 816 2963 941 3013; x_wconf 85' lang='lat' dir='ltr'><strong>dant</strong></span> <span class='ocrx_word' id='word_1_210' title='bbox 963 2964 1191 3015; x_wconf 76' lang='lat' dir='ltr'><strong>Gronov.</strong></span> <span class='ocrx_word' id='word_1_211' title='bbox 1215 2966 1444 3016; x_wconf 79' lang='lat' dir='ltr'><strong>Crevier.</strong></span> <span class='ocrx_word' id='word_1_212' title='bbox 1468 2965 1770 3016; x_wconf 83' lang='lat' dir='ltr'><strong>vocabulum</strong></span> <span class='ocrx_word' id='word_1_213' title='bbox 1801 2966 2060 3014; x_wconf 72' lang='lat' dir='ltr'><strong>concordia</strong></span> <span class='ocrx_word' id='word_1_214' title='bbox 2078 2960 2144 3011; x_wconf 90' lang='lat' dir='ltr'><strong>ab</strong></span> <span class='ocrx_word' id='word_1_215' title='bbox 2174 2961 2237 3010; x_wconf 89' lang='lat' dir='ltr'><strong>iis</strong></span> <span class='ocrx_word' id='word_1_216' title='bbox 2262 2960 2409 3009; x_wconf 84' lang='lat' dir='ltr'><strong>addi-</strong></span> 
     </span>
     <span class='ocr_line' id='line_1_27' title="bbox 344 3025 2410 3105; baseline -0.003 -26.855"><span class='ocrx_word' id='word_1_217' title='bbox 344 3037 441 3091; x_wconf 76' lang='lat' dir='ltr'><strong>cat,</strong></span> <span class='ocrx_word' id='word_1_218' title='bbox 476 3030 567 3093; x_wconf 82' lang='lat' dir='ltr'><strong>qui</strong></span> <span class='ocrx_word' id='word_1_219' title='bbox 601 3043 703 3078; x_wconf 90' lang='lat' dir='ltr'><strong>uon</strong></span> <span class='ocrx_word' id='word_1_220' title='bbox 737 3030 1085 3093; x_wconf 75' lang='lat' dir='ltr'><strong>intelligentes</strong></span> <span class='ocrx_word' id='word_1_221' title='bbox 1116 3029 1295 3093; x_wconf 72' lang='lat' dir='ltr'><strong>itaque,</strong></span> <span class='ocrx_word' id='word_1_222' title='bbox 1318 3032 1541 3094; x_wconf 80' lang='lat' dir='ltr'><strong>positum</strong></span> <span class='ocrx_word' id='word_1_223' title='bbox 1565 3044 1679 3079; x_wconf 81' lang='lat' dir='ltr'><strong>esse</strong></span> <span class='ocrx_word' id='word_1_224' title='bbox 1702 3043 1795 3093; x_wconf 86' lang='lat' dir='ltr'><strong>pro</strong></span> <span class='ocrx_word' id='word_1_225' title='bbox 1816 3034 1957 3105; x_wconf 64' lang='lat' dir='ltr'><strong>atqie</strong></span> <span class='ocrx_word' id='word_1_226' title='bbox 1977 3029 2047 3080; x_wconf 81' lang='lat' dir='ltr'><strong>sic</strong></span> <span class='ocrx_word' id='word_1_227' title='bbox 2068 3025 2410 3077; x_wconf 71' lang='lat' dir='ltr'><strong>nesciebant.</strong></span> 
     </span>
    </p>
   </div>
   <div class='ocr_carea' id='block_1_5' title="bbox 219 3089 2408 3160">
    <p class='ocr_par' dir='ltr' id='par_1_5' title="bbox 219 3089 2408 3160">
     <span class='ocr_line' id='line_1_28' title="bbox 219 3089 2408 3160; baseline -0.001 -17"><span class='ocrx_word' id='word_1_228' title='bbox 219 3089 393 3143; x_wconf 66' lang='lat' dir='ltr'><strong>&amp;rock-</strong></span> <span class='ocrx_word' id='word_1_229' title='bbox 459 3094 586 3145; x_wconf 83' lang='lat' dir='ltr'><strong>Vid·</strong></span> <span class='ocrx_word' id='word_1_230' title='bbox 617 3092 710 3143; x_wconf 82' lang='lat' dir='ltr'><strong>inf.</strong></span> <span class='ocrx_word' id='word_1_231' title='bbox 742 3100 800 3146; x_wconf 86' lang='lat' dir='ltr'><strong>et</strong></span> <span class='ocrx_word' id='word_1_232' title='bbox 833 3094 964 3144; x_wconf 87' lang='lat' dir='ltr'><strong>Not.</strong></span> <span class='ocrx_word' id='word_1_233' title='bbox 996 3093 1219 3144; x_wconf 68' lang='lat' dir='ltr'><strong>Van—6</strong></span> <span class='ocrx_word' id='word_1_234' title='bbox 1252 3096 1331 3145; x_wconf 82' lang='lat' dir='ltr'><strong>Ne</strong></span> <span class='ocrx_word' id='word_1_235' title='bbox 1363 3110 1505 3159; x_wconf 71' lang='lat' dir='ltr'><strong>qaam</strong></span> <span class='ocrx_word' id='word_1_236' title='bbox 1541 3095 1841 3160; x_wconf 68' lang='lat' dir='ltr'><strong>exprobratio</strong></span> <span class='ocrx_word' id='word_1_237' title='bbox 1873 3094 2090 3158; x_wconf 68' lang='lat' dir='ltr'><strong>cuiqam</strong></span> <span class='ocrx_word' id='word_1_238' title='bbox 2120 3091 2256 3141; x_wconf 85' lang='lat' dir='ltr'><strong>Edd.</strong></span> <span class='ocrx_word' id='word_1_239' title='bbox 2281 3099 2408 3141; x_wconf 81' lang='lat' dir='ltr'><strong>anta</strong></span> 
     </span>
    </p>
   </div>
   <div class='ocr_carea' id='block_1_6' title="bbox 222 3223 2408 3462">
    <p class='ocr_par' dir='ltr' id='par_1_6' title="bbox 222 3223 2408 3462">
     <span class='ocr_line' id='line_1_29' title="bbox 1196 3223 1407 3276; baseline 0 -2"><span class='ocrx_word' id='word_1_240' title='bbox 1196 3223 1407 3276; x_wconf 72' lang='lat' dir='ltr'><strong>Nom-3</strong></span> 
     </span>
     <span class='ocr_line' id='line_1_30' title="bbox 281 3318 2222 3385; baseline -0.002 -15"><span class='ocrx_word' id='word_1_241' title='bbox 281 3319 306 3354; x_wconf 57' lang='grc' dir='ltr'><strong>Β</strong></span> <span class='ocrx_word' id='word_1_242' title='bbox 337 3321 472 3371; x_wconf 77' lang='lat' dir='ltr'><strong>Inter</strong></span> <span class='ocrx_word' id='word_1_243' title='bbox 503 3335 609 3385; x_wconf 76' lang='lat' dir='ltr'><strong>qaae</strong></span> <span class='ocrx_word' id='word_1_244' title='bbox 643 3319 853 3369; x_wconf 71' lang='lat' dir='ltr'><strong>maxima</strong></span> <span class='ocrx_word' id='word_1_245' title='bbox 874 3320 1032 3369; x_wconf 75' lang='lat' dir='ltr'><strong>inerat</strong></span> <span class='ocrx_word' id='word_1_246' title='bbox 1062 3318 1273 3384; x_wconf 57' lang='lat' dir='ltr'><strong>[concon</strong></span> <span class='ocrx_word' id='word_1_247' title='bbox 1354 3321 1575 3372; x_wconf 84' lang='lat' dir='ltr'><strong>maxima</strong></span> <span class='ocrx_word' id='word_1_248' title='bbox 1599 3329 1738 3372; x_wconf 81' lang='lat' dir='ltr'><strong>esset</strong></span> <span class='ocrx_word' id='word_1_249' title='bbox 1755 3335 1879 3371; x_wconf 84' lang='lat' dir='ltr'><strong>curs</strong></span> <span class='ocrx_word' id='word_1_250' title='bbox 1900 3319 2222 3383; x_wconf 83' lang='lat' dir='ltr'><strong>Sempronio.</strong></span> 
     </span>
     <span class='ocr_line' id='line_1_31' title="bbox 222 3395 2408 3462; baseline -0.001 -15"><span class='ocrx_word' id='word_1_251' title='bbox 222 3397 307 3447; x_wconf 67' lang='grc' dir='ltr'><strong>δίο</strong></span> <span class='ocrx_word' id='word_1_252' title='bbox 319 3399 527 3449; x_wconf 66' lang='lat' dir='ltr'><strong>maximia</strong></span> <span class='ocrx_word' id='word_1_253' title='bbox 547 3396 674 3460; x_wconf 73' lang='lat' dir='ltr'><strong>erat]</strong></span> <span class='ocrx_word' id='word_1_254' title='bbox 694 3412 807 3447; x_wconf 76' lang='lat' dir='ltr'><strong>cura</strong></span> <span class='ocrx_word' id='word_1_255' title='bbox 824 3396 955 3461; x_wconf 71' lang='lat' dir='ltr'><strong>duci]</strong></span> <span class='ocrx_word' id='word_1_256' title='bbox 974 3398 1164 3461; x_wconf 80' lang='lat' dir='ltr'><strong>Vulgo.</strong></span> <span class='ocrx_word' id='word_1_257' title='bbox 1177 3399 1272 3448; x_wconf 79' lang='lat' dir='ltr'><strong>ita-</strong></span> <span class='ocrx_word' id='word_1_258' title='bbox 1419 3397 1433 3431; x_wconf 84' lang='lat'><strong>¹</strong></span> <span class='ocrx_word' id='word_1_259' title='bbox 1464 3399 1783 3462; x_wconf 77' lang='lat' dir='ltr'><strong>Exprobratio</strong></span> <span class='ocrx_word' id='word_1_260' title='bbox 1804 3398 2020 3461; x_wconf 76' lang='lat' dir='ltr'><strong>cuiquam</strong></span> <span class='ocrx_word' id='word_1_261' title='bbox 2048 3398 2224 3446; x_wconf 80' lang='lat' dir='ltr'><strong>veteris</strong></span> <span class='ocrx_word' id='word_1_262' title='bbox 2240 3395 2408 3454; x_wconf 64' lang='lat' dir='ltr'><strong>,serr-ta·</strong></span> 
     </span>
    </p>
   </div>
   <div class='ocr_carea' id='block_1_7' title="bbox 218 3471 2404 4302">
    <p class='ocr_par' dir='ltr' id='par_1_7' title="bbox 221 3471 2404 3689">
     <span class='ocr_line' id='line_1_32' title="bbox 221 3471 2404 3538; baseline -0.002 -14"><span class='ocrx_word' id='word_1_263' title='bbox 221 3476 575 3535; x_wconf 61' lang='lat' dir='ltr'><strong>memoraie</strong></span> <span class='ocrx_word' id='word_1_264' title='bbox 605 3473 815 3524; x_wconf 74' lang='lat' dir='ltr'><strong>maxima</strong></span> <span class='ocrx_word' id='word_1_265' title='bbox 847 3479 951 3524; x_wconf 75' lang='lat' dir='ltr'><strong>erat</strong></span> <span class='ocrx_word' id='word_1_266' title='bbox 987 3489 1102 3525; x_wconf 79' lang='lat' dir='ltr'><strong>eura</strong></span> <span class='ocrx_word' id='word_1_267' title='bbox 1129 3475 1270 3525; x_wconf 76' lang='lat' dir='ltr'><strong>daci:</strong></span> <span class='ocrx_word' id='word_1_268' title='bbox 1350 3475 1449 3538; x_wconf 74' lang='lat' dir='ltr'><strong>no]</strong></span> <span class='ocrx_word' id='word_1_269' title='bbox 1488 3473 1615 3524; x_wconf 79' lang='lat' dir='ltr'><strong>Haec</strong></span> <span class='ocrx_word' id='word_1_270' title='bbox 1662 3474 1947 3537; x_wconf 65' lang='lat' dir='ltr'><strong>praesertim</strong></span> <span class='ocrx_word' id='word_1_271' title='bbox 1983 3471 2052 3521; x_wconf 87' lang='lat' dir='ltr'><strong>ob</strong></span> <span class='ocrx_word' id='word_1_272' title='bbox 2086 3472 2297 3520; x_wconf 79' lang='lat' dir='ltr'><strong>volones</strong></span> <span class='ocrx_word' id='word_1_273' title='bbox 2337 3485 2404 3520; x_wconf 84' lang='lat' dir='ltr'><strong>ex</strong></span> 
     </span>
     <span class='ocr_line' id='line_1_33' title="bbox 222 3546 2401 3624; baseline -0.001 -28"><span class='ocrx_word' id='word_1_274' title='bbox 222 3551 434 3600; x_wconf 83' lang='lat' dir='ltr'><strong>mutavit</strong></span> <span class='ocrx_word' id='word_1_275' title='bbox 456 3551 747 3602; x_wconf 77' lang='lat' dir='ltr'><strong>Gronovius</strong></span> <span class='ocrx_word' id='word_1_276' title='bbox 768 3550 901 3624; x_wconf 87' lang='lat' dir='ltr'><strong>quod</strong></span> <span class='ocrx_word' id='word_1_277' title='bbox 935 3550 1090 3616; x_wconf 79' lang='lat' dir='ltr'><strong>aliqui</strong></span> <span class='ocrx_word' id='word_1_278' title='bbox 1126 3551 1267 3601; x_wconf 86' lang='lat' dir='ltr'><strong>meli·</strong></span> <span class='ocrx_word' id='word_1_279' title='bbox 1349 3549 1522 3599; x_wconf 83' lang='lat' dir='ltr'><strong>servili</strong></span> <span class='ocrx_word' id='word_1_280' title='bbox 1545 3548 1844 3598; x_wconf 85' lang='lat' dir='ltr'><strong>conditione</strong></span> <span class='ocrx_word' id='word_1_281' title='bbox 1864 3549 1914 3597; x_wconf 88' lang='lat' dir='ltr'><strong>in</strong></span> <span class='ocrx_word' id='word_1_282' title='bbox 1951 3546 2184 3596; x_wconf 84' lang='lat' dir='ltr'><strong>militiam</strong></span> <span class='ocrx_word' id='word_1_283' title='bbox 2216 3558 2401 3595; x_wconf 81' lang='lat' dir='ltr'><strong>novam</strong></span> 
     </span>
     <span class='ocr_line' id='line_1_34' title="bbox 221 3615 1614 3689; baseline 0.001 -16"><span class='ocrx_word' id='word_1_284' title='bbox 221 3638 360 3675; x_wconf 87' lang='lat' dir='ltr'><strong>orum</strong></span> <span class='ocrx_word' id='word_1_285' title='bbox 386 3626 620 3676; x_wconf 84' lang='lat' dir='ltr'><strong>codicum</strong></span> <span class='ocrx_word' id='word_1_286' title='bbox 644 3615 884 3689; x_wconf 69' lang='lat' dir='ltr'><strong>ignorent</strong></span> <span class='ocrx_word' id='word_1_287' title='bbox 902 3625 960 3675; x_wconf 74' lang='grc' dir='ltr'><strong>τὸ</strong></span> <span class='ocrx_word' id='word_1_288' title='bbox 978 3628 1266 3677; x_wconf 72' lang='lat' dir='ltr'><strong>concordia:</strong></span> <span class='ocrx_word' id='word_1_289' title='bbox 1348 3624 1614 3675; x_wconf 79' lang='lat' dir='ltr'><strong>admissos.</strong></span> 
     </span>
    </p>

    <p class='ocr_par' dir='ltr' id='par_1_8' title="bbox 218 3697 2404 4302">
     <span class='ocr_line' id='line_1_35' title="bbox 221 3697 2403 3767; baseline 0 -18"><span class='ocrx_word' id='word_1_290' title='bbox 221 3701 349 3751; x_wconf 79' lang='lat' dir='ltr'><strong>unde</strong></span> <span class='ocrx_word' id='word_1_291' title='bbox 371 3700 500 3751; x_wconf 85' lang='lat' dir='ltr'><strong>illud</strong></span> <span class='ocrx_word' id='word_1_292' title='bbox 533 3702 709 3765; x_wconf 70' lang='lat' dir='ltr'><strong>itaque,</strong></span> <span class='ocrx_word' id='word_1_293' title='bbox 733 3702 867 3767; x_wconf 87' lang='lat' dir='ltr'><strong>quod</strong></span> <span class='ocrx_word' id='word_1_294' title='bbox 900 3702 1150 3766; x_wconf 58' lang='lat' dir='ltr'><strong>sequitur,</strong></span> <span class='ocrx_word' id='word_1_295' title='bbox 1179 3717 1266 3753; x_wconf 84' lang='lat' dir='ltr'><strong>ne·</strong></span> <span class='ocrx_word' id='word_1_296' title='bbox 1411 3709 1447 3736; x_wconf 75' lang='grc' dir='ltr'><strong>Ι·</strong></span> <span class='ocrx_word' id='word_1_297' title='bbox 1478 3701 1672 3751; x_wconf 73' lang='lat' dir='ltr'><strong>Mar-ius</strong></span> <span class='ocrx_word' id='word_1_298' title='bbox 1691 3698 1872 3765; x_wconf 65' lang='lat' dir='ltr'><strong>Amas]</strong></span> <span class='ocrx_word' id='word_1_299' title='bbox 1906 3698 2102 3748; x_wconf 83' lang='lat' dir='ltr'><strong>Marius</strong></span> <span class='ocrx_word' id='word_1_300' title='bbox 2121 3699 2203 3749; x_wconf 85' lang='lat' dir='ltr'><strong>bic</strong></span> <span class='ocrx_word' id='word_1_301' title='bbox 2223 3697 2403 3755; x_wconf 71' lang='lat' dir='ltr'><strong>Altius,</strong></span> 
     </span>
     <span class='ocr_line' id='line_1_36' title="bbox 221 3765 2404 3842; baseline 0 -16"><span class='ocrx_word' id='word_1_302' title='bbox 221 3784 306 3838; x_wconf 75' lang='lat' dir='ltr'><strong>gat</strong></span> <span class='ocrx_word' id='word_1_303' title='bbox 338 3792 451 3828; x_wconf 80' lang='lat' dir='ltr'><strong>esse</strong></span> <span class='ocrx_word' id='word_1_304' title='bbox 473 3778 697 3842; x_wconf 81' lang='lat' dir='ltr'><strong>causale,</strong></span> <span class='ocrx_word' id='word_1_305' title='bbox 728 3765 823 3826; x_wconf 77' lang='lat' dir='ltr'><strong>sed</strong></span> <span class='ocrx_word' id='word_1_306' title='bbox 854 3777 1080 3841; x_wconf 84' lang='lat' dir='ltr'><strong>positum</strong></span> <span class='ocrx_word' id='word_1_307' title='bbox 1103 3791 1198 3842; x_wconf 82' lang='lat' dir='ltr'><strong>pro</strong></span> <span class='ocrx_word' id='word_1_308' title='bbox 1217 3784 1268 3827; x_wconf 76' lang='lat' dir='ltr'><strong>et</strong></span> <span class='ocrx_word' id='word_1_309' title='bbox 1346 3778 1433 3842; x_wconf 86' lang='lat' dir='ltr'><strong>qui</strong></span> <span class='ocrx_word' id='word_1_310' title='bbox 1456 3791 1680 3828; x_wconf 85' lang='lat' dir='ltr'><strong>summus</strong></span> <span class='ocrx_word' id='word_1_311' title='bbox 1704 3776 2069 3838; x_wconf 76' lang='lat' dir='ltr'><strong>magistratus:</strong></span> <span class='ocrx_word' id='word_1_312' title='bbox 2106 3775 2159 3824; x_wconf 89' lang='lat' dir='ltr'><strong>in</strong></span> <span class='ocrx_word' id='word_1_313' title='bbox 2195 3776 2404 3840; x_wconf 86' lang='lat' dir='ltr'><strong>optimis</strong></span> 
     </span>
     <span class='ocr_line' id='line_1_37' title="bbox 218 3814 2404 3917; baseline 0 -16"><span class='ocrx_word' id='word_1_314' title='bbox 218 3851 303 3904; x_wconf 75' lang='lat' dir='ltr'><strong>ita.</strong></span> <span class='ocrx_word' id='word_1_315' title='bbox 374 3854 567 3903; x_wconf 84' lang='lat' dir='ltr'><strong>Verum</strong></span> <span class='ocrx_word' id='word_1_316' title='bbox 622 3814 898 3916; x_wconf 60' lang='lat' dir='ltr'><strong>pe&#39;rspicua</strong></span> <span class='ocrx_word' id='word_1_317' title='bbox 949 3854 1111 3917; x_wconf 79' lang='lat' dir='ltr'><strong>magis</strong></span> <span class='ocrx_word' id='word_1_318' title='bbox 1165 3853 1268 3903; x_wconf 88' lang='lat' dir='ltr'><strong>erit</strong></span> <span class='ocrx_word' id='word_1_319' title='bbox 1346 3854 1614 3905; x_wconf 85' lang='lat' dir='ltr'><strong>codicibus</strong></span> <span class='ocrx_word' id='word_1_320' title='bbox 1656 3860 1757 3914; x_wconf 85' lang='lat' dir='ltr'><strong>est,</strong></span> <span class='ocrx_word' id='word_1_321' title='bbox 1801 3850 1994 3900; x_wconf 72' lang='lat' dir='ltr'><strong>Marias</strong></span> <span class='ocrx_word' id='word_1_322' title='bbox 2033 3850 2208 3913; x_wconf 69' lang='lat' dir='ltr'><strong>Alpinas</strong></span> <span class='ocrx_word' id='word_1_323' title='bbox 2246 3851 2404 3901; x_wconf 68' lang='lat' dir='ltr'><strong>edixit</strong></span> 
     </span>
     <span class='ocr_line' id='line_1_38' title="bbox 218 3925 2404 3993; baseline -0.002 -14"><span class='ocrx_word' id='word_1_324' title='bbox 218 3932 489 3991; x_wconf 81' lang='lat' dir='ltr'><strong>sententia,</strong></span> <span class='ocrx_word' id='word_1_325' title='bbox 511 3931 553 3979; x_wconf 87' lang='lat' dir='ltr'><strong>si</strong></span> <span class='ocrx_word' id='word_1_326' title='bbox 590 3929 903 3979; x_wconf 80' lang='lat' dir='ltr'><strong>retineamus</strong></span> <span class='ocrx_word' id='word_1_327' title='bbox 937 3944 1120 3980; x_wconf 88' lang='lat' dir='ltr'><strong>nomen</strong></span> <span class='ocrx_word' id='word_1_328' title='bbox 1156 3946 1266 3980; x_wconf 74' lang='lat' dir='ltr'><strong>cou-</strong></span> <span class='ocrx_word' id='word_1_329' title='bbox 1343 3931 1419 3979; x_wconf 76' lang='lat' dir='ltr'><strong>ati</strong></span> <span class='ocrx_word' id='word_1_330' title='bbox 1449 3929 1534 3993; x_wconf 75' lang='lat' dir='ltr'><strong>qai</strong></span> <span class='ocrx_word' id='word_1_331' title='bbox 1561 3941 1768 3977; x_wconf 71' lang='lat' dir='ltr'><strong>mamus</strong></span> <span class='ocrx_word' id='word_1_332' title='bbox 1803 3925 2150 3988; x_wconf 65' lang='lat' dir='ltr'><strong>magistratus:</strong></span> <span class='ocrx_word' id='word_1_333' title='bbox 2195 3926 2331 3975; x_wconf 86' lang='lat' dir='ltr'><strong>unde</strong></span> <span class='ocrx_word' id='word_1_334' title='bbox 2372 3940 2404 3975; x_wconf 87' lang='lat' dir='ltr'><strong>a</strong></span> 
     </span>
     <span class='ocr_line' id='line_1_39' title="bbox 218 4001 2400 4072; baseline -0.003 -16"><span class='ocrx_word' id='word_1_335' title='bbox 218 4007 554 4072; x_wconf 70' lang='lat' dir='ltr'><strong>urdiae,quod</strong></span> <span class='ocrx_word' id='word_1_336' title='bbox 594 4014 651 4057; x_wconf 83' lang='lat' dir='ltr'><strong>et</strong></span> <span class='ocrx_word' id='word_1_337' title='bbox 681 4005 861 4069; x_wconf 83' lang='lat' dir='ltr'><strong>scripti</strong></span> <span class='ocrx_word' id='word_1_338' title='bbox 896 4020 997 4056; x_wconf 89' lang='lat' dir='ltr'><strong>uon</strong></span> <span class='ocrx_word' id='word_1_339' title='bbox 1030 4008 1183 4071; x_wconf 84' lang='lat' dir='ltr'><strong>pauci</strong></span> <span class='ocrx_word' id='word_1_340' title='bbox 1211 4012 1268 4057; x_wconf 88' lang='lat' dir='ltr'><strong>et</strong></span> <span class='ocrx_word' id='word_1_341' title='bbox 1345 4004 1608 4054; x_wconf 81' lang='lat' dir='ltr'><strong>Gronovio</strong></span> <span class='ocrx_word' id='word_1_342' title='bbox 1650 4001 1821 4052; x_wconf 82' lang='lat' dir='ltr'><strong>factus</strong></span> <span class='ocrx_word' id='word_1_343' title='bbox 1857 4001 2232 4051; x_wconf 61' lang='lat' dir='ltr'><strong>Medis-euim:</strong></span> <span class='ocrx_word' id='word_1_344' title='bbox 2263 4002 2400 4065; x_wconf 83' lang='lat' dir='ltr'><strong>quod</strong></span> 
     </span>
     <span class='ocr_line' id='line_1_40' title="bbox 220 4075 2403 4148; baseline -0.003 -16"><span class='ocrx_word' id='word_1_345' title='bbox 220 4082 341 4133; x_wconf 82' lang='lat' dir='ltr'><strong>editi</strong></span> <span class='ocrx_word' id='word_1_346' title='bbox 362 4083 579 4145; x_wconf 73' lang='lat' dir='ltr'><strong>habeut:</strong></span> <span class='ocrx_word' id='word_1_347' title='bbox 607 4089 663 4133; x_wconf 80' lang='lat' dir='ltr'><strong>et</strong></span> <span class='ocrx_word' id='word_1_348' title='bbox 682 4084 901 4133; x_wconf 78' lang='lat' dir='ltr'><strong>suadent</strong></span> <span class='ocrx_word' id='word_1_349' title='bbox 916 4097 1031 4148; x_wconf 72' lang='lat' dir='ltr'><strong>qua:</strong></span> <span class='ocrx_word' id='word_1_350' title='bbox 1047 4097 1267 4148; x_wconf 81' lang='lat' dir='ltr'><strong>sequun·</strong></span> <span class='ocrx_word' id='word_1_351' title='bbox 1346 4094 1530 4131; x_wconf 86' lang='lat' dir='ltr'><strong>nomen</strong></span> <span class='ocrx_word' id='word_1_352' title='bbox 1557 4078 1738 4128; x_wconf 84' lang='lat' dir='ltr'><strong>summi</strong></span> <span class='ocrx_word' id='word_1_353' title='bbox 1760 4076 2084 4139; x_wconf 71' lang='lat' dir='ltr'><strong>magistratus</strong></span> <span class='ocrx_word' id='word_1_354' title='bbox 2108 4078 2301 4138; x_wconf 79' lang='lat' dir='ltr'><strong>Capua·</strong></span> <span class='ocrx_word' id='word_1_355' title='bbox 2325 4075 2403 4125; x_wconf 86' lang='lat' dir='ltr'><strong>fu-</strong></span> 
     </span>
     <span class='ocr_line' id='line_1_41' title="bbox 220 4151 2401 4224; baseline -0.004 -16"><span class='ocrx_word' id='word_1_356' title='bbox 220 4167 315 4210; x_wconf 80' lang='lat' dir='ltr'><strong>tur.</strong></span> <span class='ocrx_word' id='word_1_357' title='bbox 381 4159 583 4224; x_wconf 78' lang='lat' dir='ltr'><strong>Alioqui</strong></span> <span class='ocrx_word' id='word_1_358' title='bbox 616 4172 866 4223; x_wconf 76' lang='lat' dir='ltr'><strong>suspensa</strong></span> <span class='ocrx_word' id='word_1_359' title='bbox 888 4158 1265 4224; x_wconf 81' lang='lat' dir='ltr'><strong>quodammodo</strong></span> <span class='ocrx_word' id='word_1_360' title='bbox 1344 4157 1447 4206; x_wconf 84' lang='lat' dir='ltr'><strong>isse</strong></span> <span class='ocrx_word' id='word_1_361' title='bbox 1469 4161 1675 4205; x_wconf 82' lang='lat' dir='ltr'><strong>constat</strong></span> <span class='ocrx_word' id='word_1_362' title='bbox 1696 4168 1763 4203; x_wconf 82' lang='lat' dir='ltr'><strong>ex</strong></span> <span class='ocrx_word' id='word_1_363' title='bbox 1783 4151 1873 4202; x_wconf 85' lang='lat' dir='ltr'><strong>lib.</strong></span> <span class='ocrx_word' id='word_1_364' title='bbox 1895 4164 2062 4203; x_wconf 71' lang='lat' dir='ltr'><strong>xxiv.</strong></span> <span class='ocrx_word' id='word_1_365' title='bbox 2083 4166 2131 4201; x_wconf 86' lang='lat' dir='ltr'><strong>c.</strong></span> <span class='ocrx_word' id='word_1_366' title='bbox 2160 4156 2237 4201; x_wconf 77' lang='lat'><strong>19.</strong></span> <span class='ocrx_word' id='word_1_367' title='bbox 2261 4152 2401 4201; x_wconf 82' lang='lat' dir='ltr'><strong>allis·</strong></span> 
     </span>
     <span class='ocr_line' id='line_1_42' title="bbox 222 4231 1609 4302; baseline -0.005 -15"><span class='ocrx_word' id='word_1_368' title='bbox 222 4243 353 4287; x_wconf 81' lang='lat' dir='ltr'><strong>esset</strong></span> <span class='ocrx_word' id='word_1_369' title='bbox 382 4236 564 4302; x_wconf 86' lang='lat' dir='ltr'><strong>oratio,</strong></span> <span class='ocrx_word' id='word_1_370' title='bbox 586 4250 685 4286; x_wconf 88' lang='lat' dir='ltr'><strong>nec</strong></span> <span class='ocrx_word' id='word_1_371' title='bbox 708 4244 985 4300; x_wconf 83' lang='lat' dir='ltr'><strong>appareret</strong></span> <span class='ocrx_word' id='word_1_372' title='bbox 1017 4236 1164 4302; x_wconf 87' lang='lat' dir='ltr'><strong>cujus</strong></span> <span class='ocrx_word' id='word_1_373' title='bbox 1188 4237 1263 4286; x_wconf 88' lang='lat' dir='ltr'><strong>rei</strong></span> <span class='ocrx_word' id='word_1_374' title='bbox 1341 4247 1444 4300; x_wconf 85' lang='lat' dir='ltr'><strong>que</strong></span> <span class='ocrx_word' id='word_1_375' title='bbox 1467 4231 1609 4282; x_wconf 80' lang='lat' dir='ltr'><strong>locis.</strong></span> 
     </span>
    </p>
   </div>
  </div>
 </body>
</html>
