3025 4892
995 375 1144 424 ma.
1191 373 1437 426 xxiii.
1484 372 1650 424 cap.
1694 357 1802 421 17.
2320 351 2504 428 1912*

286 522 501 588 minor
528 520 813 588 victoria
840 518 987 597 fuit,
1016 520 1249 604 ingens
1272 540 1357 587 eo
1384 519 1493 585 die
1520 539 1654 597 res,
1679 535 1763 585 ac
1790 517 2047 597 nescio,
2079 538 2161 583 an
2193 517 2495 585 maxima.

288 624 413 689 illo
454 624 629 690 bello
677 630 867 706 gesta
914 623 1083 688 sit.¹⁷
1173 622 1331 689 Non
1370 624 1554 688 vinci
1589 624 1766 688 enim
1805 623 1891 688 ab
1925 622 2312 688 Hannibale
2343 627 2498 687 tunc

290 728 717 795 vincentibus
742 726 793 766 ¹⁸
809 726 1153 792 difficilius
1185 727 1362 804 fuit?
1386 746 1588 811 quam
1609 733 1849 811 postea
1877 726 2164 791 vincere.

376 830 482 896 17.
528 829 903 906 Hannibal,
935 849 1058 914 spe
1088 827 1436 913 potiundae
1473 828 1533 895 N
1540 831 1667 895 olae
1700 829 1992 907 ademta,
2023 849 2175 894 cum
2207 828 2498 895 Acerras

285 933 704 1009 recessisset,
760 931 1133 996 Marcellus
1193 932 1560 1014 extemplo,
1614 933 1869 998 clausis
1924 933 2143 1018 portis
2204 932 2498 998 custodi·

285 1035 553 1118 busque
598 1035 971 1119 dispositis,
1002 1056 1085 1102 ne
1122 1035 1275 1119 quis
1308 1035 1752 1118 egrederetur,
1783 1036 2220 1120 quaestionem
2253 1036 2319 1099 in
2349 1035 2497 1100 foro

284 1136 375 1202 de
406 1139 511 1213 iia,
538 1140 659 1222 qui
684 1141 855 1206 clam
886 1140 952 1204 in
985 1140 1340 1224 colloquiis
1361 1139 1657 1205 hostium
1676 1140 1954 1219 fuerant,
1977 1139 2248 1206 habuit:
2293 1155 2498 1222 supra

285 1244 719 1327 septuaginta
741 1242 1102 1308 damnatos
1131 1243 1527 1328 proditionis
1551 1245 1769 1308 securi
1796 1245 2149 1328 percussit,
2174 1243 2496 1325 bonaque

283 1364 518 1411 eorum
535 1346 751 1430 jussit
780 1345 1057 1429 publica
1087 1346 1316 1430 populi
1346 1345 1643 1411 Romani
1663 1354 1714 1398 ¹⁹
1751 1366 1938 1411 esse:
1983 1352 2068 1424 et,
2098 1365 2363 1411 summa
2391 1365 2496 1410 re·

281 1469 433 1514 rum
474 1443 738 1516 senatui
788 1451 1053 1529 tradita,
1096 1471 1253 1515 cum
1297 1451 1595 1518 exercitu
1641 1452 1821 1516 omni
1868 1450 2238 1533 profectus,
2287 1465 2497 1531 supra

281 1553 680 1621 Suessulam
730 1556 971 1619 castris
1016 1556 1259 1639 positis
1290 1553 1626 1620 consedit.
1718 1553 2001 1628 PoenuS,
2029 1550 2320 1617 Acerras
2364 1553 2497 1635 priv

279 1676 464 1726 mum
516 1657 605 1723 ad
651 1658 1107 1723 voluntariam
1148 1657 1556 1722 deditionem
1606 1662 1890 1720 conatus
1929 1655 2269 1739 perlicere,
2311 1660 2496 1736 post·

280 1779 495 1844 quam
538 1760 918 1826 obstinatos
963 1760 1152 1836 vidit,
1184 1760 1493 1824 obsidere
1523 1759 1683 1825 inde
1716 1765 1917 1842 atque
1949 1775 2340 1841 oppugnare
2371 1774 2496 1839 pa·

276 1869 411 1928 rat.
515 1861 821 1928 Ceterum
882 1861 1253 1928 Acerranis
1300 1863 1454 1946 plus
1503 1862 1733 1939 animi,
1776 1881 1976 1945 quam
2023 1862 2286 1936 virium,
2328 1865 2494 1925 erat.

280 1965 557 2050 ltaque,
589 1966 945 2050 desperata
990 1966 1206 2032 tutela
1234 1966 1445 2043 urbis,
1476 1972 1551 2030 ut
1589 1964 2082 2031 circumvallari
2114 1962 2366 2027 moenia
2396 1962 2497 2025 vi-

279 2067 548 2147 derunt,
580 2068 788 2152 prius,
819 2088 1018 2153 quam
1064 2070 1617 2135 continuarentur
1657 2067 1949 2132 bostium
1989 2084 2217 2150 opera,
2247 2083 2365 2149 per
2391 2064 2496 2128 in-

277 2173 596 2237 termissa
634 2172 1046 2237 munimenta
1081 2172 1556 2256 neglectasque
1600 2169 1945 2235 custodias
1978 2169 2243 2232 silentio
2274 2167 2495 2230 noctis

280 2274 565 2358 dilapsi,
606 2294 728 2360 per
767 2276 916 2340 vias
962 2261 1299 2357 inviaque,
1345 2293 1481 2357 qua
1502 2280 1559 2310 ²⁰
1602 2291 1936 2356 quemque
1985 2279 2101 2336 aut
2141 2269 2494 2333 consilium

278 2386 404 2450 aut
442 2385 711 2444 error-¹⁸
754 2377 926 2458 tulit,
971 2378 1043 2443 in
1088 2377 1293 2442 nrbes
1341 2369 1757 2459 Campaniae,
1805 2395 1980 2459 quas
2030 2374 2202 2473 satis
2243 2381 2490 2438 certum

1209 2541 1505 2564 “aecem
1512 2541 1571 2565 Ν

277 2641 449 2692 tradit
472 2641 619 2693 Plut.
644 2644 695 2693 in
725 2641 975 2696 Marcello
1002 2657 1052 2706 p.
1075 2646 1189 2693 304.
1215 2643 1302 2693 ubi
1324 2643 1482 2694 etiam
1508 2643 1702 2700 monet,
1724 2641 1971 2690 minorem
1997 2654 2244 2690 caesorum
2266 2636 2489 2687 hostiurn

275 2721 550 2758 numerum
588 2724 618 2758 a
667 2709 810 2759 Livio
842 2708 1159 2768 memorari!
1193 2709 1402 2772 Rupere.
1470 2709 1585 2758 Non
1617 2710 1726 2772 plus
1750 2707 1823 2756 D.
1859 2707 2101 2756 Romanos
2124 2703 2357 2753 Crevier.
2426 2701 2490 2760 In

276 2775 438 2824 CreV.
461 2774 584 2824 min.
604 2790 697 2825 non
715 2790 763 2840 p.
795 2775 1068 2838 quingentis
1094 2774 1332 2824 Romanos
1356 2774 1693 2839 legium—17
1729 2773 1825 2822 Vir
1847 2772 2030 2821 doctus
2055 2785 2140 2833 ap.
2161 2768 2214 2820 J.
2245 2769 2303 2818 F.
2327 2767 2490 2817 Gron-

271 2844 418 2902 gesta
453 2843 671 2889 est—18
702 2841 718 2867 ‘
742 2841 936 2890 Vocem
960 2848 1091 2900 tunc,
1132 2840 1217 2889 cui
1250 2845 1416 2903 postea
1448 2839 1752 2903 opponitur,
1777 2851 1807 2886 e
1833 2837 1995 2886 tribus
2021 2837 2147 2885 Mas.
2175 2833 2348 2898 recepi
2374 2847 2489 2882 cum

274 2905 485 2955 Stroth.
510 2915 562 2954 et
582 2903 642 2953 τὸ
663 2906 957 2955 vincentibus
979 2907 1078 2968 (sc.
1107 2905 1381 2969 Romanis)
1404 2903 1717 2967 ejiciendum
1744 2901 1903 2964 puto!
1941 2902 2145 2961 Rupere.
2175 2921 2182 2926 ·

347 2974 415 3022 19
448 2970 626 3020 Verba
652 2973 814 3036 populi
838 2971 1042 3021 Romani
1067 2971 1254 3021 absunt
1289 2971 1357 3021 ab
1392 2970 1532 3024 Edd.
1554 2977 1675 3020 ante
1703 2968 2067 3020 Grumum-20
2100 2964 2246 3030 Conj.
2272 2963 2489 3027 Rupert.

1273 3119 1495 3172 No‘rAE

273 3232 410 3274 aaut,
432 3217 600 3282 inquit
623 3215 936 3269 Gronovius.
987 3215 1091 3267 Sed
1108 3217 1349 3267 &manos
1427 3217 1471 3266 si
1493 3214 1788 3266 vincentibus
1807 3221 2040 3265 sumatur
2068 3227 2181 3277 pro,
2194 3211 2303 3276 jam
2327 3210 2492 3260 vieto-

275 3298 419 3347 idem
445 3305 528 3345 est
551 3309 613 3345 ac
637 3309 701 3344 ex
725 3302 873 3358 parte
899 3296 1262 3345 Romanorum.
1428 3293 1588 3350 ribus,
1610 3291 1661 3341 id
1700 3299 1798 3354 est,
1831 3290 1893 3339 iis
1926 3290 2013 3354 qui
2049 3304 2186 3338 nunc
2210 3286 2275 3336 ad
2303 3288 2490 3337 Nolam

340 3384 367 3410 ⁸
389 3375 504 3425 Non
523 3373 647 3422 vinci
660 3373 786 3422 enim
800 3371 860 3421 ab
879 3371 1142 3421 Hannibale
1156 3372 1345 3420 cincen-

276 3454 406 3505 cibun
426 3449 808 3519 difficiliufuit]
838 3449 972 3500 Quae
991 3450 1059 3498 sit
1083 3449 1345 3497 sententia

274 3531 431 3596 hnju·
472 3530 592 3593 loci,
633 3526 846 3577 difficile
881 3535 964 3575 est
1003 3539 1211 3588 capere,
1247 3523 1342 3574 nisi

274 3610 392 3674 quia
415 3606 654 3656 docuerit
676 3606 884 3653 eosdem
904 3601 1086 3651 eodem
1108 3607 1342 3664 tempore

274 3697 336 3737 et
361 3686 528 3735 victo·
546 3691 602 3734 et
625 3684 853 3732 victores
870 3695 985 3730 ene
1009 3694 1182 3744 posse.
1206 3679 1343 3730 .Hoc

276 3763 413 3813 vidit
449 3762 605 3812 Laur.
643 3760 815 3819 Valla,
851 3759 936 3822 qui
967 3758 1215 3821 opinatur
1247 3770 1344 3818 pro

270 3839 570 3891 ducatibus
602 3835 879 3899 legendum
916 3849 1052 3897 esse,
1088 3843 1178 3883 aut
1216 3833 1346 3883 cinci

273 3916 448 3973 niuis,
475 3915 586 3962 sive
607 3911 735 3962 vinci
753 3912 920 3974 suetis,
952 3919 1039 3959 aut
1061 3911 1249 3960 vincere
1266 3926 1342 3957 aa·

274 3995 386 4054 lito,
408 4006 504 4041 sen
537 3990 897 4044 vinear-emto,
925 3987 1215 4037 Hannibale
1244 3988 1344 4036 sci·

273 4072 424 4121 licet.
493 4067 624 4117 Mihi
648 4066 729 4115 vel
754 4065 1030 4114 delendum
1054 4064 1262 4113 omnino
1284 4065 1347 4113 il·

1426 3372 1721 3422 vincebant.
1789 3370 1928 3419 Illud
1965 3383 2089 3417 sane
2125 3367 2321 3429 iugens,
2350 3363 2488 3430 quod

1425 3457 1546 3514 post
1593 3449 1936 3498 Cannensem
1982 3444 2334 3494 calamitatem
2386 3441 2492 3504 pri-

1424 3541 1561 3576 mum
1586 3525 1827 3576 Marcelli
1860 3524 1923 3571 ad
1967 3517 2152 3571 Nolam
2190 3519 2373 3583 praelio
2395 3532 2486 3581 po·

1427 3606 1577 3668 puina
1601 3603 1861 3651 Romanus
1885 3612 1943 3647 se
1968 3597 2157 3658 erexit,
2179 3604 2231 3644 ut
2247 3596 2320 3644 ait
2335 3592 2490 3644 Cice·

1424 3696 1481 3732 ro
1504 3681 1557 3729 iu
1577 3680 1764 3728 Bruto.
1801 3676 1904 3725 Hic
1921 3675 2202 3725 Marcellus
2217 3685 2331 3721 cum
2349 3670 2489 3720 vinci

1424 3770 1580 3821 posse
1618 3752 1969 3803 Hannibalem
1994 3749 2238 3811 exemplo
2278 3761 2372 3796 suo
2395 3745 2488 3795 do·

1422 3835 1636 3888 cuiuet,
1659 3832 2006 3880 Romanorum
2032 3827 2232 3883 ztndtns
2255 3824 2357 3874 dici
2383 3839 2493 3874 coe-

1422 3913 1523 3979 pit,
1540 3906 1971 3976 quemadmodum
1989 3904 2172 3955 Fabius
2187 3917 2362 3953 eorum
2380 3903 2490 3967 cly-

1426 4003 1555 4056 peus
1574 3985 1880 4038 habebatur.

1491 4074 1518 4100 ⁸
1559 4064 1664 4113 Aut
1704 4060 1948 4111 consilium
1990 4062 2073 4106 aut
2111 4071 2244 4105 error
2286 4054 2491 4122 [terror]
2526 4097 2529 4101 Α

273 4148 368 4200 lud
387 4145 689 4198 mutibus
711 4144 950 4203 videtum
992 4143 1073 4191 vel
1098 4143 1214 4205 ejus
1235 4144 1350 4192 loco
1430 4141 1755 4193 Dubitanter
1775 4137 2004 4186 Gronov.
2028 4142 2083 4182 at
2100 4132 2295 4195 Tanaq.
2322 4131 2489 4180 Faber

280 4222 811 4279 scribendum,‘eictt'a
828 4221 939 4282 jam
959 4224 1151 4284 κρίκε.
1174 4253 1197 4262 μ
1221 4220 1351 4269 Pos·
1434 4219 1578 4267 velut
1599 4222 1748 4266 certo
1769 4210 2014 4261 emendat
2036 4223 2199 4258 error.-
2235 4207 2488 4257 rationem

279 4316 360 4357 set
385 4313 560 4355 tumen
597 4299 663 4350 ad
702 4299 960 4349 Romanos
985 4295 1123 4347 forte
1144 4294 1348 4360 referri,
1433 4291 1772 4346 correctionis
1805 4288 1892 4337 ille
1925 4284 2124 4350 adjicit,
2158 4283 2298 4348 quod
2335 4287 2491 4334 term
