3025 4892
472 326 652 395 1460
1426 344 1496 395 τ.
1548 344 1737 393 mvn

796 488 1051 549 dendum
1070 508 1193 549 esse
1203 486 1491 567 judicem,
1511 486 1614 569 qui
1639 487 1820 547 dubio
1840 494 2051 570 eventu
2078 493 2398 567 pugnatum
2429 506 2554 547 eme
2573 495 2696 547 un·

505 589 613 637 Ην.
640 587 773 654 Epit.
796 584 1088 645 diderunt.
1174 584 1343 645 Solet
1376 587 1555 658 enim,
1583 584 1812 666 quoties
1847 584 1972 664 pari
1997 583 2118 643 fere
2136 583 2354 643 damno
2376 581 2696 643 discessum

475 668 600 703 ¹¹¹¹¹
797 691 906 753 est,
934 691 1179 762 utraque
1205 702 1341 763 pars
1357 682 1469 743 sibi
1495 701 1746 742 asserere
1766 680 2025 741 victoriae
2044 678 2262 739 famam
2282 700 2298 748 3
2329 698 2510 759 quam
2527 679 2693 739 dein·

797 798 937 858 ceps
960 776 1207 838 aliorum
1234 777 1613 857 negligentia,
1640 777 1886 837 aliorum
1913 776 2254 856 improbitas
2283 785 2499 836 temere
2530 796 2692 836 com-

798 875 978 934 mittit
997 874 1210 934 literis:
1241 876 1487 955 peaeimo
1513 874 1795 944 facinore,
1816 892 2145 952 magnaque
2170 891 2305 932 cum
2332 871 2576 932 infamia
2594 892 2693 932 eo-

799 990 948 1042 rum,
989 971 1090 1051 qui
1125 988 1232 1052 pro
1260 973 1414 1032 veris
1448 980 1627 1051 atque
1653 970 1967 1054 compertis
1991 969 2147 1028 inani
2173 988 2401 1028 rumore
2426 969 2692 1048 vulgata,

800 1077 905 1129 aut
937 1067 1154 1128 affectu
1185 1068 1469 1145 serviliter
1492 1077 1787 1148 corrupta,
1815 1066 2139 1148 posteritati
2161 1063 2557 1146 prodiderunt.

879 1171 980 1225 42.
1023 1164 1228 1233 Quare
1257 1166 1490 1247 propior
1515 1185 1655 1225 vero
1693 1164 1926 1225 videtur
1950 1182 2150 1225 eorum
2175 1160 2470 1222 annalium
2498 1182 2694 1222 narra-

514 1264 725 1329 Dionys.
802 1262 909 1331 tio,
936 1262 1037 1342 qui
1057 1262 1234 1323 semel
1256 1272 1485 1322 tantum
1504 1261 1583 1321 ad
1604 1260 1896 1322 Asculum
1921 1268 2244 1340 pugnatum
2263 1278 2387 1318 esse
2407 1258 2694 1319 referunt:

801 1368 864 1416 et
889 1367 1019 1438 post
1042 1360 1380 1419 acerrimam
1399 1359 1831 1418 contentionem
1849 1376 1920 1416 ac
1941 1354 2156 1415 multas
2172 1355 2463 1434 utrimque
2482 1354 2697 1427 caedes,

803 1453 924 1514 sole
941 1456 1073 1533 jam
1109 1474 1342 1525 occaso,
1388 1455 1602 1515 vulnus
1639 1455 1790 1533 regis
1827 1463 1890 1513 et
1922 1452 2277 1533 direptorum
2317 1451 2696 1533 impedimen·

804 1559 992 1610 torum
1022 1571 1221 1611 casum
1259 1550 1600 1611 dirimendae
1626 1570 1838 1632 pugnae
1863 1549 2080 1621 locum,
2107 1548 2248 1609 licet
2270 1568 2446 1627 segre,
2473 1547 2698 1609 fecioee.

803 1645 957 1707 Tum
984 1648 1240 1729 receptui
1265 1649 1493 1727 signum
1512 1667 1636 1708 esse
1656 1647 1860 1707 datum
1887 1648 1945 1707 in
1973 1655 2218 1725 utroque
2238 1645 2523 1717 exercitu,
2562 1664 2698 1705 cum

795 1747 927 1823 jam
993 1745 1282 1825 utrimque
1342 1744 1530 1806 millia
1586 1745 1816 1805 circiter
1881 1740 2214 1823 quindecim
2273 1742 2698 1802 occubuissent.

808 1840 1013 1920 Atque
1040 1842 1152 1902 hoc
1190 1841 1367 1901 fuisse
1403 1851 1656 1923 tempus,
1698 1860 1818 1921 quo
1854 1839 2125 1921 Pyrrhus
2155 1837 2393 1899 cuidam
2423 1839 2590 1918 quasi
2622 1837 2700 1898 de

806 1938 1051 1997 victoria
1097 1938 1412 2017 gratulanti
1458 1937 1857 2019 responderit:
1917 1947 1934 2016 ξ
1961 1935 2028 1997 Si
2069 1935 2263 1995 denuo
2300 1935 2384 1995 sic
2429 1933 2710 1996 vincendi

805 2043 940 2094 sunt
965 2033 1251 2107 Romani,
1278 2036 1593 2116 periimus.'
1659 2033 1978 2095 Affirmant
2001 2033 2178 2092 etiam
2199 2032 2350 2092 benc
2369 2032 2702 2112 opinionem

808 2150 941 2209 quoe
966 2142 1169 2193 secuta
1192 2141 1344 2192 sunt.
1429 2131 1599 2193 Nam
1638 2142 1701 2192 et
1724 2131 1995 2213 Pyrrhus
2026 2129 2342 2189 Tarentum
2378 2130 2700 2191 conceoeit:

514 2228 679 2279 Zonar.
806 2237 868 2287 et
905 2228 1192 2300 consules,
1233 2229 1459 2290 hostem
1497 2248 1615 2289 non
1652 2228 1918 2300 insecuti,
1958 2227 2161 2309 copias
2191 2227 2250 2286 in
2287 2226 2562 2308 hybernis
2599 2246 2705 2306 per

807 2322 1051 2405 Apuliae
1086 2325 1306 2407 oppida
1344 2325 1783 2398 distribuerunt,
1824 2344 1960 2386 cum
1996 2324 2132 2383 anni
2167 2333 2417 2404 tempus,
2463 2331 2525 2383 ct
2554 2324 2705 2383 ratio

806 2421 971 2494 belli,
1024 2424 1218 2504 potius
1261 2424 1568 2485 victoriam
1612 2432 1736 2483 tam
1782 2421 2063 2482 illustrem
2109 2421 2402 2502 prosequi,
2455 2418 2705 2481 alterum

806 2516 981 2579 facile
1002 2541 1236 2603 passum
1255 2520 1479 2593 fuisset,
1517 2519 1706 2581 altera
1724 2521 1904 2581 etiam
1929 2519 2165 2579 omnino
2188 2518 2491 2597 coegisset.
2573 2516 2704 2578 Ac-

710 2622 717 2629 '
805 2616 987 2688 cedit,
1020 2618 1181 2698 quod
1206 2637 1397 2699 neque
1421 2617 1843 2698 triumphatum
1878 2617 1958 2676 ab
1982 2616 2075 2676 bis
2095 2614 2429 2675 consulibus
2461 2615 2712 2695 reperim

810 2712 932 2773 Sed
952 2723 1014 2773 et
1032 2714 1114 2773 P.
1140 2714 1395 2775 Decium
1416 2714 1714 2775 consulem
1741 2734 1813 2774 eo
1840 2712 2042 2795 praelio
2065 2732 2128 2773 se
2151 2711 2478 2783 devoviaee,
2502 2731 2705 2791 seque,

810 2820 941 2889 post
979 2820 1202 2891 patrem
1224 2820 1286 2871 et
1309 2831 1486 2872 avum
1518 2810 1646 2893 pari
1687 2830 1894 2890 genere
1919 2809 2119 2870 mortis
2141 2808 2426 2881 sublatos,
2459 2828 2494 2868 e
2520 2809 2706 2869 conti-

813 2907 970 2965 nenti
998 2927 1206 2985 genere
1237 2908 1466 2968 tertiam
1490 2908 1792 2968 victimam
1818 2906 2154 2988 reipublicae
2179 2905 2514 2988 praebuisse,
2541 2904 2710 2996 multi

813 3011 1061 3082 putant:
1105 3004 1264 3084 quod
1298 3004 1553 3064 historiis
1586 3004 1851 3065 omnibus
1889 3002 2193 3064 silentibus
2231 3022 2305 3062 ne
2345 3000 2710 3062 referendum

813 3097 1074 3177 quidem,
1096 3099 1311 3160 nedum
1330 3100 1713 3161 refellendum
1727 3100 2102 3183 putavissem,
2123 3099 2232 3159 nisi
2248 3119 2494 3179 magnus
2507 3109 2712 3159 auctor

517 3198 605 3247 cic
611 3200 784 3248 ..Tus
819 3193 912 3254 Μ.
939 3194 1171 3257 Tullius
1196 3197 1451 3258 Cicero
1435 3218 1493 3257 in
1523 3196 1937 3279 philosophicis
1974 3196 2211 3277 quidem
2236 3196 2422 3267 libris,
2423 3195 2552 3256 -sed
2578 3195 2710 3258 loco

434 3359 455 3377 o
484 3264 678 3379 ξωῂρὲ
669 3274 791 3444 ’ἦξε
818 3312 931 3351 non
954 3294 1092 3365 u'no,
1120 3294 1419 3374 posuisset.

486 3391 577 3439 Pin
578 3393 745 3458 i,1bn⁸
895 3396 995 3449 43.
1038 3389 1260 3469 Pugna
1298 3391 1375 3451 ad
1404 3389 1698 3451 Asculum
1723 3350 2092 3471 quocumque
2117 3400 2330 3450 eventu
2369 3399 2597 3452 certata
2619 3410 2709 3450 re-

490 3461 566 3506 ¹⁰’
820 3485 1041 3565 liquum
1070 3489 1206 3547 anni
1229 3489 1491 3568 quietum
1516 3508 1555 3548 a
1572 3487 1802 3548 bellicis
1825 3485 2294 3568 expeditionibus
2317 3487 2565 3547 babuit.
2605 3487 2708 3549 sed

816 3583 1339 3645 consultationibus
1383 3597 1444 3646 et
1479 3595 1866 3666 apparatuum
1911 3604 2055 3659 cura
2097 3592 2324 3665 tempus
2356 3603 2530 3644 omne
2570 3604 2712 3645 cons

488 3683 618 3732 Plut.
819 3690 1071 3740 sumtum
1107 3690 1214 3741 est.
1306 3681 1580 3764 Pyrrhus
1620 3702 1756 3742 cum
1797 3688 2061 3741 veterum·
2093 3680 2392 3761 copiarum
2438 3700 2711 3761 magnam

486 3781 657 3830 zonat.
819 3785 1068 3854 partem,
1103 3777 1437 3858 ducumque
1462 3788 1525 3838 et
1550 3780 1865 3838 amicorum
1907 3776 2214 3859 pleroeque
2249 3776 2616 3858 perdidisset,
2652 3779 2710 3838 in

824 3870 1069 3951 Epirum
1097 3874 1272 3944 misit,
1312 3894 1448 3933 cum
1485 3874 1795 3946 mandatis,
1837 3883 1905 3933 ut
1937 3875 2206 3933 veniente
2241 3893 2376 3933 vere
2411 3873 2712 3936 militeset

683 4047 694 4058 ·
819 3970 1084 4047 pecuniae
1124 3970 1235 4029 sibi
1272 3970 1651 4030 mitterentur.
1735 3969 1854 4030 Sed
1894 3971 2231 4051 priusquam
2268 3969 2474 4031 classis
2510 3992 2587 4032 ea
2623 3973 2708 4032 in·

490 4047 653 4159 ΡΡΝζ
680 4062 779 4163 ”¹2⁰
821 4063 961 4122 strui
983 4074 1195 4144 posset,
1222 4087 1388 4127 novae
1407 4088 1539 4147 spes
1562 4076 1783 4127 exortae
1807 4064 2112 4126 consilium
2135 4067 2289 4145 reg-is
2321 4077 2709 4128 mutaverunt.

493 4128 693 4227 εἴπηθ’
784 4145 799 4160 ’
826 4159 1240 4223 Macedoniam
1281 4163 1420 4223 olim
1450 4162 1752 4226 Demetrio
1784 4162 2077 4224 ademtam
2115 4163 2384 4244 Pyrrhus
2421 4173 2711 4237 tenuerat,
