3025 4892
850 410 1054 461 mant
1103 411 1281 461 xix.
1325 410 1973 464 summanum-uu.
2338 398 2510 465 1587

296 557 669 624 venientibus
694 554 954 618 hostibus
977 552 1277 618 occurrere
1303 554 1706 636 neglexerunt.
1775 555 1860 618 Et
1882 553 2195 618 Hannibal

299 665 533 737 portum
555 662 682 715 tuto
703 654 914 724 tenuit,
941 654 1241 736 copiisque
1259 652 1490 730 (decem
1512 663 1679 714 erant
1703 653 1894 715 millia
1913 652 2190 732 militum)

297 752 603 834 expositis,
649 769 862 830 magna
899 770 1035 811 eum
1069 749 1278 812 laetitia
1321 748 1843 832 Lilybaetanorum,
1888 751 1947 812 in
1988 750 2190 812 urbem

298 858 579 930 §coeptus
598 857 712 908 est.

379 953 440 1007 8.
484 944 747 1005 Romani
771 964 905 1004 cum
934 943 1248 1023 ingressum
1274 944 1528 1004 hostium
1553 943 1833 1025 impedire
1876 964 1991 1005 non
2017 954 2191 1027 potu·

301 1043 499 1114 iaeent,
540 1042 618 1102 de
648 1051 841 1103 cetero
878 1040 1312 1112 consultabant,
1360 1040 1855 1121 quemadmodum
1881 1062 2062 1123 opera
2085 1063 2195 1102 sua

298 1148 647 1211 tutarentur,
691 1159 824 1220 quae
866 1148 1037 1199 tanta
1074 1137 1448 1199 multitudine
1488 1158 1770 1199 novorum
1810 1137 2062 1199 militum
2107 1159 2192 1198 re·

296 1245 473 1317 cepta
498 1234 901 1298 Himilconem
942 1234 1207 1317 profecto
1244 1244 1716 1318 oppugnaturum
1739 1255 1865 1295 esse
1889 1234 2191 1296 videbant.

302 1329 523 1414 Neque
565 1332 780 1394 fefellit
816 1354 919 1394 eos
960 1333 1179 1414 opinio.
1249 1332 1474 1394 Poenus
1509 1332 1666 1392 enim
1702 1331 1948 1393 aliorum
1988 1352 2188 1392 recen-

298 1430 456 1492 tibus
496 1431 739 1502 viribus,
781 1430 1029 1491 aliorum
1050 1424 1306 1492 'refectis
1351 1428 1609 1491 adventu
1649 1431 1937 1491 sociorum
1983 1428 2192 1489 animis

298 1547 524 1598 usurus,
566 1537 793 1589 veteres
831 1547 1128 1608 novasque
1152 1527 1354 1609 copias
1378 1527 1439 1587 in
1463 1527 1804 1588 concionem
1833 1535 2046 1588 vocat:
2087 1544 2191 1607 spe

297 1624 561 1684 victoriae
588 1644 659 1684 ac
686 1625 1053 1706 praemiorum
1069 1610 1148 1686 ad
1162 1623 1501 1685 faciundam
1521 1624 1881 1705 eruptionem
1908 1621 2189 1704 impellitz

296 1718 709 1801 dispositisque
732 1730 800 1782 ut
822 1742 915 1782 res
938 1723 1227 1804 poscebat,
1237 1720 1573 1802 manipulis,
1596 1721 1708 1781 sub
1732 1720 1977 1802 primam
1999 1718 2192 1780 lucem
2221 1799 2224 1804 μ

297 1835 480 1897 opera
520 1816 925 1879 Romanorum
968 1818 1231 1901 pluribus
1269 1817 1415 1879 locis
1454 1817 1805 1898 aggreditur.
1899 1817 2092 1878 Erant
2133 1825 2195 1878 et

298 1912 456 1993 apud
500 1914 609 1975 hos
646 1917 877 1996 provisa
907 1925 1143 1986 cuncta,
1185 1935 1421 1996 quaque
1462 1914 1775 1996 plurimum
1801 1913 2044 1996 periculi
2071 1934 2193 1975 me·

297 2011 597 2082 tuebatur,
625 2012 811 2074 firmoe
833 2014 1111 2074 stationes
1136 2013 1442 2095 oppositoe.
1530 2012 1689 2072 Cum
1712 2012 1804 2073 his
1829 2013 2030 2093 itaque
2054 2030 2196 2073 con-

298 2105 494 2170 festim
520 2127 655 2169 acre
683 2119 974 2170 certamen
1001 2110 1400 2171 contrabitur:
1441 2108 1667 2170 eadunt
1692 2110 1978 2191 utrimque
2002 2107 2196 2178 multi,

298 2223 433 2268 cum
460 2213 524 2265 et
548 2225 764 2285 magna
788 2207 1113 2267 animorum
1136 2208 1535 2278 contentione,
1579 2215 1643 2266 et
1665 2225 1904 2267 numero
1930 2225 2194 2287 pugnano
2263 2203 2268 2209 ’

299 2301 444 2362 tium
493 2321 610 2363 non
656 2303 1082 2364 contemnendo
1122 2324 1215 2365 res
1259 2312 1571 2384 gereretur,
1621 2304 1781 2364 haud
1823 2303 2196 2385 paucioribus

299 2399 509 2478 viginti
534 2399 795 2461 millibus
819 2401 960 2462 urbe
997 2401 1258 2480 egressis,
1300 2409 1364 2461 et
1403 2402 1627 2480 majore
1652 2400 1957 2480 aliquanto
1996 2398 2193 2459 multi·

298 2497 499 2559 tudine
524 2498 931 2560 obsidentium.
993 2499 1232 2581 Quippe
1253 2497 1543 2570 consules,
1569 2498 1886 2559 cona-actis
1909 2517 1986 2557 ex
2002 2496 2196 2558 amica
2221 2518 2423 2568 Diodoe.

301 2592 511 2655 Sicilia
555 2594 813 2667 auxiliis,
853 2595 1165 2677 plusquam
1201 2604 1438 2657 centum
1478 2595 1666 2658 millia
1705 2595 2008 2656 hominum
2049 2591 2195 2654 effe·

293 2701 535 2753 corant:
579 2712 655 2753 ex
696 2693 930 2773 quibus,
975 2691 1051 2753 ad
1092 2691 1494 2774 expediendos
1531 2699 1891 2754 commeatus
1931 2689 2195 2770 aliasque

298 2790 675 2850 amoenitates
713 2788 964 2850 dimissis
1000 2790 1233 2862 ceteris,
1283 2788 1362 2850 ad
1402 2788 1772 2850 obsidionem
1809 2789 1971 2849 urbis
2008 2785 2197 2848 millia

299 2886 480 2949 ferme
505 2887 816 2966 sexaginta
842 2885 1119 2948 adducta.

373 2992 436 3046 9.
493 2982 618 3043 Sed
660 3002 795 3045 cum
839 3004 917 3044 ex
960 2984 1120 3045 omni
1161 2993 1328 3066 parte
1376 2984 1755 3045 vehementer
1800 2981 2197 3058 dimicaretur,
2222 3000 2523 3068 Polybus.

299 3082 564 3144 maxima
586 3081 745 3140 eirca
769 3081 1070 3142 machinas
1107 3090 1236 3142 erat
1266 3082 1603 3143 contentio:
1646 3101 1796 3162 quas
1834 3079 1938 3141 alii
1977 3088 2043 3140 ut
2068 3100 2199 3141 cor·

297 3186 654 3260 rumperent,
681 3177 786 3238 alii
810 3186 878 3238 ut
898 3176 1301 3249 defenderent,
1328 3200 1446 3240 non
1466 3180 1654 3258 magis
1672 3199 1794 3239 suae
1812 3198 1990 3258 quam
2016 3176 2201 3237 bostis

299 3277 435 3337 vitae
463 3274 808 3357 parcebant.
890 3274 1146 3336 Jacebat
1186 3277 1390 3354 ingens
1431 3296 1639 3354 agmen
1682 3275 2007 3335 occisorum
2039 3273 2100 3332 in
2127 3292 2202 3333 ea

298 3374 571 3445 statione,
614 3392 792 3452 quam
819 3372 1100 3433 tuendam
1125 3373 1203 3432 ab
1244 3374 1413 3433 initio
1438 3381 1748 3452 ceperant:
1793 3371 2051 3451 augebat
2072 3369 2197 3430 ela-

300 3490 520 3531 morem
548 3469 943 3549 praeliantium
983 3476 1045 3529 et
1086 3467 1400 3530 terrificam
1441 3467 1793 3528 discriminis
1827 3467 2040 3528 faciem
2082 3465 2204 3526 alia

301 3567 495 3636 turba,
550 3585 684 3645 quae
726 3565 956 3625 facibus
991 3564 1277 3645 taedisque
1314 3573 1565 3635 armata,
1619 3585 1723 3645 per
1764 3562 2047 3646 pericula,
2101 3584 2202 3644 per

299 3662 490 3723 candes
514 3681 655 3723 suas
676 3660 1012 3744 alienasque
1056 3662 1133 3723 ad
1176 3657 1542 3725 incendenda
1567 3681 1747 3742 opera
1785 3662 2025 3721 ruebat:
2070 3680 2200 3739 pro·

303 3762 551 3842 piusque
601 3758 823 3822 factum
863 3770 953 3821 est
998 3761 1169 3833 nihil,
1217 3781 1395 3841 quam
1433 3770 1503 3821 ut
1547 3758 1892 3841 pervicaciae
1946 3757 2202 3816 hostium

302 3858 465 3920 miles
510 3856 823 3918 Romanus
855 3856 1113 3930 cederet,
1161 3859 1565 3937 machinaeque
1600 3853 1839 3917 defendi
1874 3853 2199 3933 nequirent.

303 3953 419 4016 Sed
448 3953 725 4015 Himilco
749 3954 961 4015 multos
972 3975 1206 4015 suorum
1229 3954 1578 4015 occumbere
1595 3970 1858 4022 cernens,
1888 3950 2199 4011 Romanos

306 4059 495 4114 antem
523 4050 602 4113 de
630 4050 833 4113 ardore
859 4049 1275 4133 propugnandi
1307 4049 1453 4112 nihil
1498 4050 1813 4120 remittere,
1853 4049 2081 4127 signum
2105 4065 2202 4105 re-

306 4152 495 4232 ceptui
524 4150 716 4221 dedit,
752 4170 1064 4231 pugnaque
1092 4151 1246 4231 prior
1272 4151 1558 4210 excessit:
1602 4167 1794 4229 neque
1819 4145 2083 4206 Romani
2110 4146 2198 4204 in·

307 4248 593 4319 stiterunt,
618 4246 879 4308 contenti
903 4247 1147 4308 servatis
1170 4246 1464 4329 operibus,
1492 4264 1626 4327 quae
1653 4241 2067 4327 propemodum
2095 4261 2202 4324 pro

311 4344 528 4405 amissis
540 4347 672 4425 jam
699 4344 1041 4406 habuerant.
