3025 4892
2275 369 2449 438 1935

242 530 353 599 de
380 532 631 616 {ntegro
651 532 900 597 rernm
926 533 1211 617 perculit
1240 553 1391 598 eum
1424 534 1880 619 praefectorum
1906 529 2175 596 navium
2207 534 2445 597 transi·

271 637 384 714 tio,
411 635 553 720 qui,
585 640 740 719 post
786 635 1079 701 classem
1130 635 1215 700 ad
1264 636 1528 702 Iberum
1574 655 1694 721 per
1743 625 2063 719 pavorem
2109 627 2444 701 desertam

268 740 545 819 graviter
588 737 921 821 increpiti,
953 758 1292 822 nunquam
1338 738 1576 804 deinde
1621 737 1787 803 satis
1815 736 1933 801 fidi
1973 742 2088 801 aut
2123 735 2285 801 duci
2324 742 2443 802 aut

267 839 895 923 Carthaginiensium
954 843 1149 907 rebus
1204 843 1481 907 fuerant.
1573 840 1898 906 Fecerant
1947 840 2014 904 hi
2074 837 2436 923 transfugae

263 951 501 1007 motum
534 943 600 1006 in
640 942 1107 1026 Carpesiornm
1128 944 1153 983 ⁸
1186 952 1426 1027 gente,r
1453 944 2003 1028 desciverantque
2030 944 2117 1007 iis
2148 942 2437 1008 auctori-

261 1045 383 1109 bus
412 1046 613 1110 nrbes‘
645 1046 945 1129 aliquot:
993 1066 1131 1111 nna
1158 1048 1358 1112 etiam
1391 1048 1479 1112 ab
1509 1047 1683 1132 ipsis
1712 1047 2010 1129 vicapta
2039 1044 2275 1109 fuerat.
2349 1033 2435 1109 In

258 1167 399 1212 eam
442 1157 700 1230 gentem
740 1168 999 1213 versum
1050 1150 1137 1213 ab
1186 1148 1515 1214 Romanis
1561 1149 1801 1214 bellum
1854 1155 2000 1229 est3
2050 1147 2436 1231 infestoque

254 1252 539 1316 exercitu
585 1250 975 1320 Hasdrubal
1018 1252 1358 1334 ingressus
1407 1271 1636 1335 agrum
1681 1251 1992 1330 bostium,
2040 1269 2160 1336 pro
2208 1258 2431 1334 captae

253 1359 394 1416 ante
424 1352 571 1418 dies
600 1371 862 1437 paucos
892 1354 1079 1419 urbis
1107 1355 1464 1433 moenibus,
1494 1353 1875 1433 Chalbum,⁹
1896 1362 1917 1391 ¹
1945 1354 2238 1419 nobilem
2267 1341 2433 1418 Car-

249 1456 573 1538 pesiorum
615 1456 871 1546 ducem,
901 1476 1056 1523 cum
1088 1456 1317 1522 valido
1373 1458 1670 1523 exercitu
1723 1458 1965 1522 castris
2006 1477 2161 1521 sese
2207 1451 2430 1521 tenen'-

247 1562 448 1634 tem,¹⁰
472 1558 743 1641 aggredi
773 1558 1030 1625 statuit.
1120 1559 1484 1626 Praemissa
1515 1560 1715 1640 igitur
1739 1559 1870 1624 levi
1888 1567 2247 1637 armatura,
2273 1577 2428 1643 qnae

245 1659 502 1726 eliceret
550 1660 780 1726 hostes
829 1662 914 1727 ad
945 1667 1363 1741 certamen,¹¹
1396 1662 1689 1747 pediturn
1723 1669 1973 1746 partem
2008 1662 2090 1726 ad
2125 1661 2429 1746 depopu-

241 1760 500 1828 landum
554 1782 671 1847 per
718 1783 917 1846 agros
960 1765 1215 1849 passim
1260 1765 1534 1842 dimisit,
1564 1771 1640 1830 ut
1669 1764 1978 1851 palantes
2007 1764 2423 1849 exciperent.

240 1864 443 1930 Simul
488 1870 559 1932 et
588 1865 673 1930 ad
719 1872 945 1931 castra
992 1868 1314 1932 tumultus
1356 1866 1541 1947 erat,‘
1568 1873 1637 1932 et
1673 1888 1791 1951 per
1817 1887 2012 1951 agros
2042 1868 2326 1954 fugaque
2356 1873 2430 1934 et

966 388 1109 436 mu.
1156 384 1399 435 xxm.
1447 386 1611 434 cAP.
1650 368 1761 435 26.

239 1967 488 2051 caede33
542 1967 781 2033 deinde
802 1967 1096 2051 undique
1122 1967 1409 2034 diversis
1432 1969 1785 2034 itineribus
1814 1989 1963 2035 cum
1995 1972 2062 2035 in
2093 1977 2318 2036 castra
2344 1973 2424 2036 s'e

234 2070 662 2155 recepissent,
691 2069 866 2148 adeo
895 2077 1166 2155 repente
1199 2070 1498 2137 decessit
1530 2072 1767 2137 animis
1806 2091 2044 2156 pavor,
2079 2078 2299 2137 utnon
2331 2072 2423 2140 ad

234 2267 305 2383 re:
322 2268 704 2388 watenis
727 2272 779 2321 ιἰι
806 2271 1044 2336 Hispania
1064 2273 1202 2336 bello,
1220 2287 1327 2323 cum
1346 2273 1406 2323 de
1426 2287 1547 2323 nono
1563 2271 1736 2334 maiori
1755 2272 1806 2322 ni
1823 2276 1964 2336 alque
1984 2273 2162 2337 impetu
2174 2271 2417 2345 agitanda

1135 2431 1508 2454 “nunu“

224 2558 331 2596 mox
352 2562 443 2612 pro
462 2548 652 2613 quoad
641 2563 691 2598 ιιι
717 2548 847 2597 Edd.
871 2555 990 2599 ante
1014 2548 1167 2598 Crev.
1192 2549 1381 2610 legitur
1404 2549 1500 2598 σιι”.
1504 2553 1601 2598 -8
1634 2548 1747 2598 ‘Ita
1782 2546 1915 2598 Edd.
1956 2547 2190 2611 Magum.
2214 2547 2335 2598 ΑΜ.
2357 2554 2414 2599 et

222 2609 1931 2745 :ama,reanum“sssaeaoffizzfgt‘ezssztfzm
1955 2612 2418 2782 mmm

1204 2809 1426 2861 80⁰1·AE

1345 2923 1512 2959 nere.
1559 2907 1693 2958 unde
1737 2921 1837 2958 nen
1883 2920 2019 2972 ogre
2060 2906 2307 2972 adducar,
2349 2913 2413 2958 ut

1348 2987 1677 3052 Carpe-imm
1693 2986 1863 3051 potius
1879 2985 2148 3050 retineam,
2159 2984 2268 3035 sive
2282 2984 2409 3035 Car-

1344 3072 1668 3129 petanorum,
1699 3063 1870 3127 gentis
1903 3062 2213 3128 potentioris
2245 3060 2409 3126 pluri·

1344 3139 1542 3207 busque
1558 3141 1765 3207 oppidis
1781 3139 2090 3206 frequentis,
2115 3153 2266 3205 quam
2288 3140 2410 3190 Tar·

1344 3221 1619 3270 lessies-um.-
1669 3220 1763 3269 nisi
1803 3219 2083 3268 Sansonem
2116 3217 2261 3283 sequi
2297 3218 2407 3282 pla-

1344 3305 1483 3359 ceat,
1503 3294 1638 3358 apud
1672 3309 1825 3360 quem
1848 3295 1900 3343 in
1921 3295 2117 3344 Tabula
2139 3293 2405 3357 Hispanioe

1344 3372 1536 3422 veteris
1569 3378 1582 3401 ⁸
1609 3372 1819 3421 Carteia
1846 3368 2136 3427 Olcadum,'
2158 3377 2403 3435 tanquam

1341 3449 1495 3513 longe
1521 3448 1727 3499 diversa
1749 3449 1815 3497 ab
1838 3463 1904 3497 ea
1936 3462 2084 3511 quam
2123 3447 2173 3495 iu
2198 3447 2404 3497 Baetica

1340 3525 1477 3589 apud
1515 3525 1798 3575 Tartessius
1839 3525 1904 3574 ad
1949 3522 2140 3573 fretum
2179 3524 2402 3573 Gadita-

1339 3612 1459 3650 num
1507 3615 1683 3651 omnes
1729 3607 1939 3662 norunt,
1978 3597 2226 3648 statuitur
2261 3598 2398 3649 inter

1335 3678 1529 3740 Tagum
1570 3683 1625 3725 et
1658 3676 1935 3736 Valeriam,
1963 3675 2049 3724 ubi
2086 3688 2225 3724 nune
2262 3675 2399 3725 Hor·

1336 3755 1523 3815 cnjuda,
1555 3753 1608 3801 ui
1633 3751 1805 3808 fallor,
1827 3753 1877 3800 in
1901 3752 2309 3816 Carpetanorum
2341 3757 2400 3804 et

1339 3830 1714 3880 Celtiberorum
1741 3826 1979 3877 confinio.

276 2914 296 2942 ⁸
325 2906 388 2957 Ιιι
431 2907 767 2971 Carpesieruns
801 2908 968 2973 gente]
1015 2908 1264 2974 Polybius

219 2983 484 3049 Carpesios
498 2984 635 3035 dixit
653 2999 747 3048 pro
765 2986 1100 3052 Carpetani„
1125 2999 1265 3034 eum·

218 3075 311 3125 qne
333 3063 478 3128 sequi
503 3064 675 3128 potnit
697 3062 884 3114 Livius.
965 3063 1067 3114 Sed
1090 3064 1264 3113 melio·

217 3150 294 3187 res
327 3139 530 3189 codices
569 3138 764 3188 babent
790 3139 1161 3200 carchesiorum,
1183 3140 1264 3189 vel

220 3212 576 3276 Tartessiorum,
613 3229 828 3280 qnorum
870 3217 992 3266 urbs
1035 3216 1262 3267 Carteia.

215 3290 294 3340 De
318 3293 544 3357 utrisque
559 3292 669 3356 jam
695 3291 911 3343 dictum.
980 3293 1047 3342 Et
1071 3293 1263 3358 Carpe·

214 3369 312 3417 tani
335 3369 563 3434 quidem,
588 3382 803 3433 quornm
826 3377 984 3432 caput
1005 3369 1264 3434 Toletum,

214 3442 361 3495 Ibero
386 3445 675 3510 propiores,
699 3460 730 3494 a
766 3461 868 3509 quo
890 3447 1021 3495 hand
1045 3447 1261 3496 multum

210 3521 462 3572 exercitus
484 3531 589 3571 ram
610 3521 955 3571 Romanorum
977 3537 1124 3585 qnam
1141 3523 1260 3572 Poe·

212 3607 384 3646 uorum
406 3595 636 3647 abfuisse
670 3596 857 3647 suadet
880 3598 1119 3648 Auctoris
1144 3613 1259 3647 nar-

208 3672 349 3724 ratio.
416 3676 487 3725 Et
524 3675 723 3738 longius
755 3690 785 3724 a
808 3675 1054 3724 Romanis
1076 3674 1259 3725 dissita

210 3748 428 3807 Carteia,
470 3751 910 3815 inter-mediusque
961 3752 1257 3803 Hasdrubal

207 3828 333 3877 verti
357 3828 409 3877 in
431 3842 547 3877 eam
571 3835 768 3891 partem
793 3828 983 3878 bellum
1010 3844 1040 3877 a
1075 3828 1258 3879 Roma·

206 3904 280 3952 nis
302 3918 401 3954 non
425 3904 578 3954 facile
601 3903 802 3954 sinebat
825 3921 839 3955 ι
867 3912 1124 3955 nectente
1142 3914 1258 3956 erat
1288 3925 1291 3928 ¹
1406 3914 1426 3939 ⁸
1456 3904 1686 3954 Chalbum
1726 3902 1983 3967 [Galbam]
2019 3901 2220 3968 Optimi
2248 3905 2400 3953 Chal-⁴

203 3979 568 4032 Tartessiorum
603 3996 751 4045 gens,
788 3983 875 4046 qui
915 3995 1032 4045 pars
1053 3980 1258 4030 Turde-

204 4063 432 4106 tanorum
473 4057 583 4107 sive
626 4057 899 4116 Olcadum,
931 4060 1258 4124 quemadmo-

204 4131 320 4182 dum
348 4147 435 4183 θοι
460 4134 654 4183 Noster
676 4135 910 4198 appellat
939 4135 1027 4185 lib.
1054 4148 1172 4186 xxr.
1196 4143 1257 4186 nt

202 4223 265 4258 ex
295 4223 359 4259 ea
378 4209 556 4273 piures
580 4224 613 4258 a
634 4209 1143 4274 Carthaginiensibus
1167 4223 1253 4260 nr·

202 4286 287 4338 bes
309 4286 539 4338 delicere
560 4295 794 4354 possent,
814 4287 928 4339 aliae
952 4288 1005 4339 in
1027 4286 1129 4339 fide
1152 4301 1255 4340 ma·

1336 3982 1516 4108 burh&
1541 4060 1604 4108 ad
1623 4062 1778 4108 castra
1801 4056 2029 4106 tumultu
2044 4055 2173 4121 erat]
2205 4058 2392 4107 Castra

1334 4136 1586 4202 intellige,
1643 4135 1994 4199 Hispanorum
2041 4135 2128 4199 qui
2182 4131 2394 4186 defece·

1335 4219 1468 4262 tanl-
