3025 4892
468 370 644 438 1924
1406 388 1474 435 τ.
1522 375 1756 436 mvn*

464 553 670 600 casus
703 533 1053 600 obscurior
1095 533 1274 599 fama
1314 539 1457 614 θεῖ’,
1502 535 1666 619 quia
1711 553 1832 599 nec
1887 532 2187 616 ipsorum
2234 537 2674 597 monumento

464 637 604 702 ullo
660 646 768 702 est
821 637 1217 715 illustratae,
1289 658 1411 703 nec
1491 639 1759 704 decreto
1810 637 2299 702 Romanorum.
2409 633 2668 701 Eodem

464 747 767 824 tempore
804 741 1202 820 Petelinos,‘¹
1233 743 1350 824 qui
1384 742 1500 807 nni
1534 762 1620 808 ex
1655 742 1938 806 Bruttiis
1981 748 2357 806 manserant
2402 742 2472 804 in
2506 740 2671 805 ami·

464 845 631 908 citia
678 844 1010 922 Romana,
1063 866 1191 910 non
1243 846 1826 929 Carthaginienses
1877 845 2100 922 modo,
2159 845 2279 927 qui
2338 844 2673 925 regionem

465 947 875 1024 obtinebant,
924 949 1045 1014 sed
1102 950 1342 1015 Bruttii
1388 969 1666 1035 quoque
1715 950 1940 1023 ceteri,
1985 948 2074 1011 ob
2126 953 2446 1030 separata
2475 944 2570 1008 ab
2600 963 2674 1008 se

458 1050 768 1125 consilia,
817 1053 1318 1135 oppugnabant.
1409 1050 1722 1130 Quibus²
1752 1071 1907 1117 cum
1954 1051 2284 1115 obsistere
2326 1049 2532 1114 maiis
2563 1068 2671 1112 ne-

466 1153 732 1238 quirent
767 1153 1077 1232 Petelini,
1107 1155 1362 1238 legatos
1394 1154 1684 1220 Romam
1733 1154 1822 1220 ad
1873 1153 2263 1239 praesidium
2302 1152 2670 1236 petendum

394 1241 405 1248 ’
462 1257 802 1321 miserunt.
890 1256 1194 1336 Quorum
1247 1277 1477 1341 preces
1527 1257 1985 1343 lacrymaeque
2032 1252 2137 1341 (in
2174 1265 2462 1340 questus
2492 1255 2672 1320 enim

460 1361 744 1439 flebileS‚
778 1381 928 1426 cum
959 1363 1228 1427 sibimet
1262 1362 1399 1445 ipsi
1425 1362 1780 1426 consulere
1813 1361 1994 1445 jussi
2025 1367 2207 1437 sunt,
2235 1379 2389 1423 sese
2419 1358 2489 1423 in
2521 1379 2671 1423 ves-

461 1463 678 1529 tibulo
705 1465 908 1531 curiae
940 1463 1410 1551 profuderunt)
1437 1465 1763 1547 ingentem
1792 1463 2319 1529 misericordiam
2345 1458 2674 1527 Patribus

462 1585 548 1633 ac
580 1569 830 1653 populo
859 1573 1224 1634 moverunt.
1290 1567 1732 1651 Consultique
1764 1567 1993 1631 iterum
2026 1588 2068 1631 a
2096 1563 2216 1629 Μ’.
2246 1564 2670 1649 Pomponio³

461 1678 790 1754 praetore‘
839 1670 1099 1748 Patres,
1145 1670 1662 1753 circumspectis
1710 1669 2020 1735 omnibus
2069 1669 2333 1753 imperii
2384 1669 2670 1744 viribus,

460 1773 654 1842 fateri
708 1774 962 1852 coacti,
1011 1772 1174 1837 nihil
1209 1772 1355 1858 jam
1410 1771 1800 1857 longinquis
1851 1771 2062 1840 sociis
2112 1773 2183 1835 in
2235 1790 2311 1837 se
2363 1770 2668 1856 praesidii

459 1895 631 1956 esse,
659 1877 875 1942 redire
906 1877 1197 1953 domum,
1224 1876 1489 1962 fideque
1525 1874 1615 1944 ad
1644 1875 1949 1940 ultimum
1983 1875 2288 1960 expieta,
2319 1876 2669 1940 consulere

461 1982 733 2047 sibimet
797 1983 990 2069 ipsos
1050 1982 1117 2046 in
1176 1981 1550 2064 reliquum*
1592 1980 1911 2063 praesenti
1970 1979 2238 2045 fortuna
2290 1980 2666 2064 jusserunt.

462 2085 642 2151 Haec
676 2094 1034 2170 postquam
1081 2085 1456 2152 renuntiata
1498 2083 1747 2166 legatio
1777 2081 2108 2149 Petelinis
2147 2091 2280 2161 est,
2314 2091 2543 2149 tantus
2573 2104 2668 2149 re·

458 2195 657 2274 pente
686 2209 931 2256 moeror
974 2207 1323 2273 pavorque
1366 2193 1672 2252 senatum
1704 2205 1937 2251 eorum
1965 2186 2176 2270 cepit,
2208 2195 2286 2252 nt
2316 2207 2478 2271 pars
2511 2207 2663 2273 pro·

1384 2383 1710 2406 OOOOOOOOOOO
1715 2383 1745 2406 0

452 2563 465 2572 «
527 2544 552 2589 1
591 2538 974 2603 Quinquenninms
1012 2554 1042 2589 e
1080 2539 1185 2590 Ms.
1210 2539 1460 2590 Cantabr-
1481 2539 1708 2589 maiebst
1746 2539 1799 2592 J.
1837 2540 1895 2589 F.
1933 2538 2265 2590 Gronov.-2
2303 2539 2494 2598 Quibus
2522 2538 2667 2590 abest

458 2604 524 2655 ab
554 2605 682 2656 ΕΜ.
718 2613 838 2655 aute
872 2605 990 2657 Jac.
1020 2605 1348 2656 Gronov.-8
1381 2606 1559 2656 ‘Male
1581 2605 1634 2655 in
1663 2604 1796 2657 Edd.
1821 2611 1950 2656 vett.
1977 2606 2055 2654 M·
2075 2603 2311 2656 AEnu‘h'o?
2344 2608 2666 2671 Rapum-4

1449 2769 1666 2821 1401·AE

455 2911 577 2956 eet:
612 2903 705 2954 sed
751 2910 1042 2953 manserunt
1090 2904 1381 2965 Praeneste,
1424 2907 1519 2951 sut
1598 2901 1793 2952 loctete
1828 2901 1950 2951 oiim
1995 2902 2227 2962 condita,
2271 2913 2328 2953 ut
2372 2904 2569 2954 Strabo
2613 2913 2665 2956 et

448 2981 573 3045 jure
629 2981 817 3030 civium
873 2980 1310 3029 Praeuestinorum
1363 2975 1516 3027 fuere
1594 2978 1809 3028 Servius
1842 2981 2092 3030 scribunt.
2160 2980 2242 3030 Ad
2276 2981 2445 3031 sinum
2467 2983 2664 3046 Scyns-

455 3058 711 3108 contenti.
1598 3071 1746 3108 ceum
1770 3055 1947 3114 fuisse,
1965 3058 2050 3108 ubi
2073 3074 2209 3108 nuuc
2231 3059 2503 3125 Strong-oli,
2519 3061 2665 3124 Epis·

518 3141 547 3175 ⁹
578 3132 943 3195 Perusinorum]
989 3133 1262 3183 Cohortem
1308 3132 1518 3182 Perusi-
1598 3134 1782 3199 copsie
1818 3134 2069 3185 Calabriae
2093 3136 2364 3186 Citerioris
2391 3138 2665 3203 oppidum,

453 3223 635 3260 norum
661 3210 1152 3274 quadringentorum
1185 3222 1249 3259 ac
1277 3209 1513 3273 sexagin-

455 3294 529 3349 ta,
549 3287 728 3337 nuntio
749 3288 1034 3337 Cannensis
1064 3302 1253 3352 pugnoe
1277 3296 1517 3350 accepto,

456 3364 737 3415 Casilinum
754 3367 1066 3431 compulsos,
1086 3364 1515 3430 quemadmodum

455 3450 511 3493 et
549 3441 919 3505 Proeuestinos,
943 3442 1164 3491 vidimus
1201 3449 1434 3490 extremo
1468 3457 1517 3490 c.

457 3521 538 3569 1⁷.
587 3518 790 3568 Horum
825 3534 940 3584 que.
976 3517 1186 3568 fortuna
1222 3517 1380 3567 fuerit
1419 3518 1515 3567 mi·

454 3610 554 3650 nus
576 3609 795 3649 eertum.
841 3600 919 3649 Eo
941 3598 1086 3648 ducit
1111 3598 1435 3663 conjecturs,
1454 3604 1513 3648 ut

450 3678 542 3744 qui
579 3692 756 3728 eornm
782 3679 1094 3742 superstites
1133 3677 1300 3740 fuere,
1334 3693 1511 3743 parem

450 3768 568 3804 enm
604 3755 940 3806 Praenestinis
981 3755 1253 3804 habuerint
1297 3757 1515 3804 exitum.

451 3832 673 3884 Perusia
686 3833 891 3882 Tuscia
913 3832 1057 3893 urbs,
1072 3846 1172 3882 nou
1189 3835 1366 3896 procul
1384 3834 1509 3883 dex·

458 3919 545 3961 tn
577 3908 782 3959 Tiberis
814 3910 951 3971 ripn
1001 3909 1254 3973 hodieque
1294 3911 1512 3973 Per-ugia

450 3985 787 4038 Academiam
828 3984 987 4035 hebet
1030 4001 1145 4034 cum
1190 3986 1511 4051 Episcopatu

449 4063 501 4114 in
527 4061 777 4112 Ecclesiae
798 4061 1042 4111 Romame
1068 4061 1283 4111 ditione.

513 4147 541 4184 «ι
586 4137 868 4201 Petellinos]
906 4138 1148 4201 Peteiiia,
1183 4153 1273 4188 seu
1299 4139 1511 4202 Petilia,

451 4215 574 4267 urbs
594 4215 917 4266 Bruttiorum
942 4215 1076 4264 iuter
1096 4216 1281 4266 Turios
1303 4224 1359 4265 et
1381 4217 1507 4266 Cro·

452 4302 648 4355 tonent,
668 4305 737 4340 ex
766 4291 963 4342 Tabula
995 4291 1293 4342 itiner-ris:
1322 4307 1356 4342 a
1387 4293 1508 4342 Phi·

1596 3218 1778 3261 censet
1811 3221 1932 3275 post
1969 3213 2295 3263 Gusiterium
2335 3213 2664 3273 Hoistenins.

1594 3286 1648 3337 in
1683 3302 1852 3352 eaque
1892 3290 2154 3340 sententis
2189 3289 2362 3340 suerat
2387 3291 2661 3342 Cluverius

1596 3378 1648 3427 p.
1698 3369 1842 3415 126⁷.
1887 3381 2178 3432 quanquam
2235 3368 2429 3431 pagins
2473 3370 2660 3419 deiude

1595 3443 1743 3494 1⁸16.
1767 3446 2034 3495 existimet
2057 3443 2215 3494 fuisse
2239 3446 2514 3512 Belenum,
2537 3450 2587 3497 in
2607 3449 2664 3497 li·

1593 3523 1734 3574 mine
1779 3521 2034 3571 Calabria
2079 3522 2358 3572 ulterioris.
2440 3525 2659 3574 sansoni

1595 3601 1661 3651 ad
1689 3601 2026 3649 Ptolemaeum
2051 3609 2128 3648 est
2153 3598 2375 3663 Cir-mo,
2394 3616 2512 3665 qnae
2538 3617 2661 3666 pau.

1594 3677 1648 3727 io
1670 3676 1889 3726 interior
1913 3677 2198 3740 Strongyle
2221 3675 2270 3725 in
2294 3676 2556 3728 Calabrioe
2575 3678 2661 3729 ci-

1595 3754 1803 3805 terioris
1823 3752 2027 3803 finibus.

1657 3837 1678 3864 '
1709 3831 1752 3881 Δ
1792 3828 1898 3880 Μ’.
1934 3825 2095 3894 [Μαι]
2129 3829 2393 3893 Pomponis
2423 3831 2654 3895 mter-e]

1591 3909 1865 3959 Correctio
1897 3919 1975 3958 est
2013 3909 2231 3970 sigonii,
2253 3923 2372 3959 cnm
2406 3919 2562 3960 antes
2585 3910 2654 3961 Ιο-

1592 3992 1805 4049 geretur
1847 4002 1879 4034 o
1923 3985 1995 4034 M.
2039 3984 2238 4035 AEnitio
2283 3992 2510 4050 pretore,
2553 4001 2652 4052 qs·

1590 4063 1798 4112 nomine
1818 4063 1987 4111 nuilus
2010 4062 2104 4112 hoc
2133 4075 2269 4111 auno
2294 4073 2525 4127 pretor:
2559 4062 2646 4113 sed

1589 4138 1701 4190 Ma.
1747 4139 2063 4204 Pomponius
2108 4148 2305 4205 pretor
2341 4147 2458 4191 erat
2499 4140 2648 4191 urbs·

1588 4231 1705 4268 nus.
