3025 4892
903 340 1112 391 mem
1164 339 1329 390 xvi.
1377 342 2026 396 suppremus-run.
2411 329 2586 399 1519

343 491 549 565 postea
573 484 876 546 confessus
899 489 1040 564 est‚)
1067 484 1322 567 fretique
1339 486 1652 547 transitum
1680 506 1719 547 a
1746 486 2250 568 Carthaginiensi·
2311 499 2458 551 Diod.
2476 501 2583 557 Bel.

346 582 456 641 bin
478 583 776 663 proditum
799 583 1150 664 suspicatus,
1170 602 1306 658 cum
1323 584 1601 663 ambigua
1625 593 1818 646 mente
1843 585 2031 647 multa
2047 606 2246 647 secum
2277 565 2310 616 ¹·
2336 582 2501 617 ¹¹¹³·
2625 627 2633 642 ·

343 680 620 758 agitaret,
646 679 722 740 de
747 700 974 740 summa
998 700 1186 740 rerum
1211 681 1399 741 vereri
1424 682 1635 762 coepit:
1679 683 2079 765 proximaeque
2105 704 2245 745 noc·
2306 693 2481 762 Polyb.
2506 712 2545 749 1.

341 777 418 835 tis
456 776 691 837 silentio
717 778 922 858 copias
945 776 1154 837 eduxit
1178 777 1405 849 castris,
1434 786 1497 838 et
1522 788 1800 840 contento
1825 780 2033 841 itinere
2061 779 2244 862 Syra-
2269 763 2353 812 ι’·

331 880 516 934 ‘cusas
539 874 776 954 refugit.

418 977 523 1033 36.
568 971 664 1031 Eo
688 980 973 1033 summoto
1001 971 1262 1053 Appius,
1287 991 1423 1032 cum
1448 982 1666 1034 terrore
1701 973 1963 1035 victoriae
1998 977 2247 1037 recentis
2268 992 2439 1044 Zonar.

338 1066 417 1127 ad
469 1068 695 1129 Poenos
742 1089 978 1150 quoque
1022 1067 1409 1129 debellandos
1449 1070 1536 1130 uti
1583 1070 1787 1143 vellet,
1840 1071 2124 1133 militibus
2176 1082 2246 1133 ut
2267 1089 2440 1155 Polyb.

340 1164 539 1224 cibum
581 1167 827 1247 tempori
871 1165 1112 1247 capiant
1151 1166 1436 1247 imperat:
1494 1166 1707 1227 deinde
1750 1166 2085 1228 albescente
2107 1171 2242 1247 jam

338 1259 435 1320 die
462 1281 816 1342 progressus,
831 1271 1026 1323 castra
1041 1262 1361 1323 Poenorum
1376 1283 1715 1344 oppugnare
1740 1264 2008 1325 instituit.
2055 1264 2243 1326 Erant
2266 1288 2437 1338 Zona.

335 1357 464 1419 haec
505 1358 662 1419 loco·
682 1360 824 1419 satis
863 1367 993 1420 tuto
1033 1359 1247 1441 posita,
1274 1368 1338 1420 et
1360 1370 1571 1421 natura
1610 1380 1905 1442 manuque
1929 1361 2243 1442 diligenter

336 1456 703 1536 permunita:
764 1456 902 1516 hinc
937 1476 1120 1528 mare,
1147 1455 1283 1516 inde
1315 1455 1620 1538 profundae
1647 1457 1917 1539 paludes,
1944 1458 2003 1518 in
2033 1460 2242 1540 penin-

261 1613 266 1620 ,
332 1552 478 1612 sulae
520 1552 702 1613 ferme
745 1553 1023 1634 speciem,
1051 1554 1393 1615 ambibunt:
1435 1555 1590 1614 inter
1630 1555 1736 1616 has
1766 1565 2072 1635 angustum
2100 1577 2237 1637 spa-

331 1649 503 1722 tium,
549 1671 668 1730 quo
711 1670 827 1711 uno
870 1650 1020 1711 adiri
1061 1659 1315 1731 poterat,
1342 1650 1557 1711 ductus
1581 1650 1887 1712 adversum
1917 1652 2239 1733 irrupturos

331 1765 531 1807 murus
555 1748 916 1828 obsepiebat.
988 1745 1118 1807 Hic
1145 1747 1246 1807 ubi
1273 1748 1391 1808 vim
1416 1747 1689 1808 fecissent
1715 1745 1979 1808 Romani
1998 1748 2234 1821 milites,

332 1863 521 1924 neque
558 1843 818 1906 locorum
857 1842 1030 1904 simul
1058 1844 1450 1925 iniquitatem,
1477 1854 1539 1904 et
1565 1847 2055 1926 propugnantium
2083 1846 2239 1906 mul-

329 1939 639 2001 titudinem
665 1942 895 2002 vincere
923 1949 1179 2023 possent,
1205 1939 1522 2002 missilibus
1562 1942 1842 2014 maxime,
1866 1944 2020 2002 sicut
2045 1942 2105 2002 in
2131 1964 2230 2003 ur-

327 2036 490 2097 bium
515 2037 949 2119 oppugnatione
984 2036 1155 2110 solet,
1180 2057 1303 2098 rem
1344 2038 1678 2117 gerentibus
1704 2037 1929 2107 Poenis‚
1958 2040 2120 2100 irrito
2143 2040 2231 2099 in-

326 2143 501 2214 cepto
524 2135 802 2196 desistere
825 2135 1021 2197 coacti
1050 2144 1429 2198 recesserunt.
1512 2133 1689 2216 Saepe
1720 2136 1780 2194 in
1803 2135 1980 2195 bellis
2001 2134 2229 2196 meliori

324 2230 575 2294 fortnnae
621 2234 815 2295 locum
859 2254 984 2296 sors
1021 2233 1241 2306 durior,
1287 2242 1349 2294 et
1389 2233 1619 2295 adversi
1647 2234 1725 2293 ab
1752 2232 1918 2293 initio
1942 2253 2114 2298 casus
2139 2232 2225 2294 fe-

322 2349 492 2391 cere:
534 2330 678 2392 dum
723 2331 814 2392 his
860 2331 1083 2403 affecti,
1129 2330 1389 2392 consiliis
1430 2329 1751 2410 animisque
1780 2330 2102 2410 majoribus
2125 2351 2225 2391 ac-

320 2438 561 2509 ceptum
613 2429 1026 2490 detrimentum
1077 2428 1290 2489 sarcire
1355 2426 1613 2498 student,
1679 2425 1875 2485 hostes
1925 2426 2226 2488 felicitatis

321 2526 598 2606 opinione
639 2526 861 2588 blanda
904 2526 1199 2598 fascinati,
1238 2544 1429 2605 neque
1472 2523 1613 2583 satis
1647 2520 1953 2584 adversum
1982 2522 2223 2587 fortuita

322 2623 717 2702 providentes,
745 2624 805 2683 in
829 2624 1214 2684 temeritatem
1243 2619 1603 2682 auferuntur.

390 2726 502 2783 3¹⁷.
547 2720 732 2787 Quod
782 2719 888 2782 illo
927 2730 1188 2802 tempore
1231 2716 1814 2796 Carthaginiensibus
1860 2737 1968 2776 usu
2018 2715 2217 2777 venit:

320 2818 418 2896 qui
471 2816 753 2898 repulisse
802 2818 1029 2879 bostem
1083 2837 1198 2878 non
1244 2815 1527 2885 contenti,
1574 2822 1857 2894 tanquam
1902 2812 2221 2891 fugientem

316 2915 622 2995 eruptione
649 2935 727 2976 ex
753 2915 958 2976 castris
984 2915 1146 2998 facta
1171 2912 1689 2995 persequebantur,
1711 2929 1832 2969 suae
1853 2909 2077 2982 virtuti,
2103 2930 2219 2970 non

320 3012 626 3073 munitioni
651 3011 912 3073 locorum
937 3011 1244 3074 Romanos
1265 3009 1501 3070 cessisse
1529 3008 1952 3070 existimantes.
2002 3005 2220 3089 Itaque

317 3119 628 3190 postquam
667 3130 746 3170 ex
790 3110 1070 3189 angustiis
1107 3108 1321 3189 quibus
1359 3102 1584 3166 defensi
1610 3104 1843 3164 fuerant
1866 3124 2216 3185 processere,

319 3215 546 3267 mutata
567 3227 706 3268 cum
730 3206 862 3268 loco
888 3205 1122 3268 fortuna
1161 3204 1374 3287 praelii,
1399 3223 1764 3283 magnusque
1789 3221 1985 3262 eorum
2011 3221 2213 3261 nume-

318 3323 410 3362 rus
432 3323 623 3363 caesus
646 3313 771 3365 est:
813 3303 1023 3383 reliqui
1063 3301 1140 3364 ad
1184 3310 1399 3371 castra,
1442 3320 1598 3382 pars,
1627 3308 1693 3359 ut
1715 3298 1928 3378 cuique
1954 3298 2213 3359 maxime
2237 3322 2415 3391 pom„

318 3409 607 3479 promtum
633 3409 779 3472 erat,
808 3402 866 3460 in
889 3401 1062 3460 urbes
1086 3400 1493 3477 circumjectas
1510 3395 1818 3474 diffugere,
1841 3415 2029 3474 neque
2045 3393 2210 3455 dein-

315 3516 472 3578 ceps,
498 3497 781 3578 quamdiu
826 3497 1120 3559 Messanae
1166 3494 1455 3556 Claudius
1496 3493 1630 3565 fuit,
1662 3493 1867 3553 eastris
1890 3492 2009 3562 suis
2031 3512 2208 3552 exce-
2234 3513 2399 3566 Zona„

315 3592 447 3655 dere
472 3603 615 3655 sunt
639 3595 784 3656 ausi.
866 3593 1093 3656 Consul
1117 3593 1295 3654 etiam
1322 3612 1454 3653 cum
1493 3599 1704 3662 natura
1736 3589 1850 3650 loci
1875 3599 1937 3650 et
1959 3587 2207 3652 difficul-

315 3698 433 3754 tate
478 3693 626 3752 situs
665 3694 878 3753 iterato
917 3711 1176 3774 pugnare
1217 3689 1453 3750 minime
1494 3686 1825 3749 consultum
1871 3686 2206 3760 arbitratus,

315 3806 446 3850 cum
470 3798 706 3870 tempus
748 3789 830 3849 ibi
870 3788 1083 3849 frustra
1124 3797 1308 3864 terere
1335 3785 1584 3856 videret,
1612 3782 1883 3865 praesidio
1912 3781 2205 3842 Messanae

315 3884 514 3947 relicto
539 3887 598 3946 in
628 3885 1127 3966 Syracusanorum
1151 3884 1553 3963 sociorumque
1578 3876 2207 3959 'finesfimpressionem

314 3980 488 4052 fecit:
535 3983 718 4062 iisque
746 3982 980 4063 impune
1002 3981 1267 4052 vastatis,
1301 3988 1531 4043 tantum
1555 3975 1827 4056 concepit
1860 3972 2115 4044 fiduciae,
2140 3982 2208 4034 ut
2228 3993 2407 4062 pom),

305 4079 435 4156 jam
459 4079 538 4141 ad
563 4080 717 4161 ipsas
741 4077 1064 4162 Syracusas
1086 4077 1405 4138 exercitum
1431 4075 1674 4136 auderet
1697 4071 2027 4133 admovere.
2072 4068 2202 4131 Va·
2227 4093 2396 4150 Zona.

316 4175 400 4238 ria
425 4177 505 4238 ibi
528 4176 763 4241 fortuna
778 4183 1066 4254 certatum
1090 4184 1214 4236 est:
1256 4172 1433 4246 semel
1459 4174 1638 4234 etiam
1674 4167 1877 4234 consul
1903 4187 2116 4248 magno
2142 4167 2200 4229 in
