3025 4892
914 364 1121 412 niani
1173 364 1311 413 xx.
1356 364 1998 414 surrnnmssruni.
2391 346 2552 413 1621

346 507 713 568 exciverunt.
804 506 1042 570 Interea
1078 508 1150 569 L.
1195 507 1473 570 Lentulus
1518 509 1743 579 consul,
1780 510 1880 589 qui
1917 509 1994 569 ad
2030 509 2234 587 Ligus-
2260 516 2393 570 Eutr.
2416 520 2449 569 Ι.
2476 535 2561 570 m.

340 607 493 665 ticos
531 605 679 665 fines
702 608 1026 666 exercitum
1054 606 1403 677 abduxerat,
1448 627 1586 668 cum
1629 607 1938 686 Liguribus
1962 627 2234 688 prospere

337 701 578 763 collatis
620 703 797 782 signis
837 703 1163 764 dimicavit.
1251 703 1541 765 Decretus
1586 705 1759 784 igitur
1804 705 1861 763 ei
1912 704 2237 785 triumphus

338 809 452 870 est,
480 820 655 880 quem
694 800 869 860 duxit
910 800 1119 862 Idibus
1162 800 1639 862 Intercalaribus.
1725 800 2021 861 Auctores
2045 802 2235 861 habeo
2261 810 2392 860 Fasti
2403 810 2565 876 Capit.

337 895 477 956 illos
520 898 770 978 primum
814 899 1082 958 consules
1123 897 1403 960 Romana
1443 901 1612 980 sig-na
1652 909 1812 960 trans
1856 897 2233 959 Padum'flu·
2295 907 2498 974 Eutrop.

334 995 504 1053 vium
529 995 902 1076 promovisse,
931 995 1289 1077 diversisque
1304 997 1523 1078 praeliis
1544 997 1823 1077 Ligurum
1837 1005 1900 1057 et
1921 995 2236 1056 Gallorum
2259 973 2531 1103 {22⁰3ss

342 1091 684 1151 Insubrium
709 1092 1018 1153 interfecta
1041 1093 1228 1153 millia
1257 1103 1507 1174 quatuor
1534 1103 1595 1154 et
1619 1095 1846 1173 viginti,
1863 1101 2043 1174 capta
2068 1094 2236 1173 quin-
2261 1103 2383 1152 vidit
2422 1103 2563 1167 Pigh.

337 1208 454 1270 que
484 1188 679 1249 fuisse.
764 1187 887 1249 Sed
910 1190 1104 1250 verius
1129 1210 1255 1252 oese
1287 1200 1509 1272 putem,
1553 1190 1809 1251 tumultu
1838 1190 2103 1263 Gallice,
2134 1190 2236 1269 qui

338 1294 545 1365 postea
585 1287 876 1346 maximus
900 1296 1136 1347 secutus
1161 1297 1271 1358 est,
1301 1288 1546 1348 Padum
1570 1290 1900 1358 transitum,
1931 1286 2235 1347 Insubres·

337 1402 453 1462 que
481 1384 539 1442 in
565 1384 684 1443 suis
708 1383 945 1444 sedibus
968 1384 1130 1445 bello
1158 1393 1415 1446 tentatos
1437 1386 1690 1466 primum
1715 1384 1909 1445 fuisse.

419 1487 481 1541 8.
524 1481 652 1540 Sub
677 1481 833 1541 idem
859 1490 1089 1563 tempus
1115 1482 1191 1541 ad
1218 1482 1617 1542 Ptolemaeum
1655 1482 1902 1563 AEgypti
1931 1500 2124 1560 regem
2153 1478 2236 1539 le-
2263 1494 2395 1545 Eutr.
2411 1492 2453 1545 1.
2479 1510 2564 1542 ιιι.

336 1577 463 1654 gati
486 1577 649 1637 missi
676 1578 964 1639 auxilium
991 1579 1331 1639 obtulerunt
1356 1600 1493 1640 cum
1518 1579 1826 1640 Antiocho
1846 1588 1908 1638 et
1925 1577 2094 1659 Syris
2117 1577 2241 1637 bel·

337 1671 526 1734 lanti:
569 1675 789 1753 gratias
827 1677 951 1754 egit
990 1696 1131 1736 rex:
1183 1685 1442 1737 ceterum
1485 1677 1544 1735 in
1588 1678 1900 1757 praesentia
1940 1676 2052 1735 sibi
2094 1695 2241 1755 opus

339 1770 566 1831 auxilio
589 1792 715 1832 esse
743 1771 1003 1851 negavit,
1030 1772 1190 1852 quod
1217 1774 1592 1854 pactionibus
1615 1773 1846 1833 finitum
1862 1775 1995 1852 Jam
2016 1771 2239 1831 bellum

340 1876 510 1927 esset.
598 1868 797 1929 Laetus
840 1869 1054 1929 deinde
1099 1869 1392 1930 Romanis
1433 1870 1720 1931 adventus
1772 1870 2059 1930 Hieronis
2099 1868 2234 1939 fuit,

342 1963 769 2045 Syracusarum
813 1968 1000 2046 regis:
1061 1977 1346 2048 exceptus
1383 1968 1652 2027 omnibus
1697 1967 2031 2037 honoribus,
2084 1966 2240 2026 sicut

338 2080 533 2140 regem
559 2065 833 2136 amicum,
863 2073 925 2123 et
950 2066 1097 2124 bene
1125 2066 1416 2138 meritum,
1457 2073 1520 2124 et
1557 2066 1833 2125 maximae
1859 2063 2122 2125 victoriae
2145 2083 2239 2122 so·

338 2158 496 2218 cium
527 2162 809 2241 oportuit,
854 2162 1078 2243 populo
1125 2161 1404 2222 Romano
1445 2161 1703 2222 ducenta
1747 2161 1938 2221 millia
1976 2159 2239 2220 modium

334 2256 553 2315 tritici*
598 2256 755 2318 dono
779 2257 962 2319 dedit.
1045 2259 1315 2320 Venerat
1339 2259 1417 2318 ad
1443 2257 1613 2319 ludos
1637 2257 2008 2339 spectandos,
2036 2257 2140 2337 qui
2176 2258 2238 2316 in

333 2362 674 2431 sequentem
717 2365 969 2416 annum!
1012 2358 1464 2438 apparabantur.
1566 2355 1736 2415 Nam
1782 2354 1905 2414 ludi
1947 2354 2239 2413 seculares

334 2450 515 2520 tertii,
542 2451 864 2512 secundum
880 2453 1188 2533 quosdam,
1218 2454 1300 2515 P.
1331 2451 1609 2513 Cornelio
1638 2452 1708 2512 L.
1741 2451 1811 2512 F.
1839 2451 1934 2511 Ti.
1964 2451 2053 2511 N.
2085 2451 2236 2510 Len·

333 2543 460 2606 tulo
490 2546 785 2620 CaudinO,
835 2549 910 2610 C.
951 2549 1181 2611 Licinio
1207 2550 1288 2610 P.
1320 2550 1390 2610 F.
1419 2550 1506 2612 P.
1537 2550 1628 2610 N.
1658 2547 1825 2609 Varo
1851 2546 2233 2618 consulibus‚⁵

330 2642 616 2705 celebrati
640 2655 809 2706 sunt:
853 2656 919 2707 ut
942 2668 1118 2729 supra
1135 2668 1368 2728 quoque
1393 2647 1715 2707 retulimus.
1749 2659 1754 2664 '
1801 2645 2074 2724 Magistri
2101 2665 2233 2725 pro·
2275 2650 2429 2716 Supra
2445 2666 2564 2703 ιιι.

332 2734 727 2803 curandorum
754 2743 1026 2805 maor-‚m
1069 2745 1184 2805 Μ’.
1215 2743 1489 2805 AEmflius
1517 2743 1630 2803 Μ’.
1664 2743 1749 2835 F..
1780 2743 1875 2803 M.
1910 2742 2112 2802 Livius
2138 2741 2232 2802 Μ.
2259 2720 2562 2845 {323stch

336 2834 409 2897 F.
439 2836 537 2899 Μ.
570 2839 663 2903 N.
694 2839 993 2902 Salinator
1016 2843 1221 2903 creati.
2260 2862 2339 2912 ap.
2356 2846 2495 2910 Pigh.

410 2941 473 2995 9.
521 2935 804 2998 Boiorum
829 2940 1053 2999 interea
1078 2939 1393 3021 principes,
1420 2937 1565 2998 elati
1590 2937 1910 2998 numerosis
1952 2936 2233 2997 Transal-
2261 2944 2429 2994 Zonar.
2499 2939 2504 2944 '

336 3031 607 3109 pinorum
634 3035 892 3108 auxiliis,
930 3036 1006 3096 ad
1036 3036 1305 3097 consules
1341 3036 1572 3107 misere,
1617 3036 1886 3115 petitum,
1917 3043 1983 3094 ut
2010 3033 2237 3094 Arimi-

334 3130 525 3190 nensis
556 3151 696 3211 ager
738 3153 874 3193 cum
914 3134 1082 3204 urbe,
1127 3151 1261 3212 quae
1307 3132 1469 3193 haud
1500 3133 1776 3210 ambigue
1821 3130 2050 3191 Gallici
2085 3130 2239 3209 juris

330 3236 547 3299 essent,
572 3230 681 3290 sibi
709 3231 1179 3291 restituerentur:
1225 3229 1286 3289 ni
1310 3229 1498 3301 fieret,
1528 3229 1749 3288 bellum
1777 3237 1945 3288 atrox
1973 3237 2036 3287 et
2059 3228 2237 3287 inter-

338 3326 609 3387 necivum
654 3327 1046 3388 minabantur.
1133 3326 1444 3397 Consules,
1487 3327 1590 3406 qui
1624 3325 1882 3385 nondum
1923 3323 2240 3384 contractis

337 3425 542 3506 copiis,
569 3444 757 3505 neque
778 3426 943 3485 casui
979 3425 1338 3506 paucitatem
1371 3443 1608 3483 suorum
1633 3422 1890 3501 objicere
1915 3421 2236 3491 audebant,

337 3543 524 3603 neque
571 3521 866 3602 postulata
908 3521 1226 3582 Gallorum
1276 3519 1602 3581 concedere
1651 3527 1946 3600 poterant,
1998 3518 2048 3577 si
2094 3516 2238 3598 quid

336 3620 584 3691 vellent,
633 3620 710 3679 ad
735 3630 997 3680 senatum
1027 3617 1343 3681 mittendos
1373 3637 1497 3677 esse
1526 3617 1750 3696 legatos
1775 3614 2234 3696 responderunt:

329 3718 554 3798 placuit
578 3717 841 3777 conditio
883 3716 1107 3798 Gallis,
1150 3726 1232 3787 et,
1281 3715 1422 3775 dum
1447 3716 1531 3774 ire
1560 3734 1632 3774 ac
1663 3713 1852 3774 redire
1892 3711 2069 3790 legati
2098 3731 2231 3792 pos-

330 3954 372 4004 c
389 3894 420 3940 5
450 3887 750 3965 conantibus.
786 3888 937 3940 Hane
957 3902 1072 3943 voc.
1091 3903 1206 3957 que
1229 3887 1417 3938 omissa
1438 3885 1598 3937 estin
1619 3881 1878 3951 prioribus
1894 3880 2013 3932 edd.
2034 3879 2239 3930 addidit

375 3969 560 4005 revier.

1098 4047 1368 4069 ,ΟΜΝ
1376 4046 1466 4068 0⁴⁵0

391 4157 417 4180 ⁸
435 4148 660 4200 Ducenio
674 4149 827 4200 millia
842 4149 1047 4199 modium
1065 4146 1244 4211 tritici]
1329 4149 1472 4199 Creu.

331 4213 535 4266 Medios
622 4214 946 4266 Parisienses
1032 4218 1244 4265 154166.
1390 4220 1417 4256 ¹
1451 4207 1519 4264 A.
1545 4211 1611 4262 U.
1634 4210 1695 4261 C.
1716 4212 1833 4260 616.
1868 4205 1934 4258 Α.
1959 4206 2018 4258 C.
2039 4208 2158 4256 2⁸6.
