3025 4892
503 305 676 372 1664
1453 336 1520 386 τ.
1558 336 1751 387 mvn

501 473 739 556 populi
772 474 1065 541 Romani
1096 477 1548 562 querimonias
1578 483 1942 552 deferrent:
1989 486 2118 556 hac
2139 491 2552 577 “legatione
2583 498 2704 564 de·

499 585 703 657 creta,
731 579 1017 644 necdum
1064 582 1294 660 missa,
1335 586 1627 651 omnium
1673 608 1796 672 spe
1840 592 2127 658 celerius
2172 596 2536 679 Saguntum
2582 622 2703 687 op-

498 685 781 767 pugnari
838 684 1116 750 allatum
1177 690 1303 751 est.
1390 686 1586 755 Tunc
1644 692 1858 758 relata
1916 715 2003 760 ex
2062 698 2321 783 integro
2342 709 2392 750 ¹⁵
2445 721 2556 769 res
2613 706 2703 771 ad

573 796 821 852 natum.
928 787 1096 867 Alii,
1146 790 1532 873 provincias
1585 797 1971 863 consulibus
2022 799 2439 888 Hispaniam
2493 815 2703 895 atque

569 891 800 957 fricam
846 890 1294 972 decernente8‚
1325 900 1498 961 terra
1544 899 1841 985 marique
1887 923 2026 968 rem
2068 909 2427 988 gerendam
2472 931 2706 980 cense-

497 996 701 1061 bant:
762 996 879 1061 alii
921 1001 1133 1062 totum
1184 998 1253 1066 in
1301 997 1711 1082 Hispaniam
1762 1002 2355 1092 Hannibalemque
2403 1014 2705 1082 intende·

496 1106 659 1170 bant
701 1101 972 1168 bellum.
1060 1100 1289 1180 Erant,
1319 1104 1438 1186 qui
1476 1124 1615 1169 non
1653 1111 1899 1174 temere
1942 1112 2340 1178 movendam
2380 1135 2515 1182 rem
2565 1125 2702 1184 tan-

495 1216 659 1289 tam,
688 1206 1282 1293 expectandosque
1311 1225 1402 1272 ex
1427 1203 1771 1293 Hispania
1791 1212 2052 1306 legatos
2078 1226 2444 1286 censerent.
2516 1220 2594 1285 H
2599 1243 2702 1289 aec

495 1314 846 1392 sententia,
877 1332 1030 1398 quae
1059 1311 1396 1377 tutissima
1423 1312 1796 1395 videbatur,
1829 1318 2027 1383 vicit:
2073 1319 2409 1405 legatique
2442 1343 2528 1388 eo
2563 1346 2704 1392 ma·

495 1419 713 1483 tutius
757 1418 994 1492 ῑιιίεεῑί,ε
1036 1415 1122 1480 Ρ.
1150 1414 1468 1481 Valerius
1516 1416 1808 1484 Flaccus
1851 1426 1919 1485 et
1954 1419 2041 1500 Q.
2073 1421 2349 1488 Baebius
2378 1425 2702 1512 Tamphi-

493 1519 682 1600 lu3,¹⁶
731 1520 1102 1603 Saguntum
1150 1518 1236 1583 ad
1279 1518 1756 1599 Hannibalem,
1786 1528 1985 1607 atque
2024 1524 2179 1590 inde
2211 1526 2701 1612 Carthaginem,

496 1626 555 1692 si
602 1643 736 1689 non
784 1622 1214 1688 absisteretur
1255 1621 1456 1699 bello,
1484 1620 1571 1687 ad
1610 1621 1848 1691 ducem
1890 1628 2119 1711 ipsum
2152 1630 2221 1694 in
2256 1652 2530 1716 poenam
2571 1634 2704 1700 foe-

493 1730 670 1794 deris
696 1727 871 1812 rupti
900 1723 1417 1809 deposcendum.

492 1831 497 1838 ’
576 1834 642 1898 ’7.
687 1831 871 1898 Dum
903 1851 986 1895 ea
1015 1827 1308 1894 Romani
1333 1828 1572 1911 parant
1593 1834 2131 1920 consultantque,
2144 1837 2290 1922 jam
2320 1839 2698 1926 Saguntum

492 1955 756 2002 summa
798 1934 864 1999 vi
910 1928 1463 2018 oppugnabatur-¹³¹
1551 1932 1811 2000 Civitas
1851 1957 1935 2002 ea
1963 1938 2158 2023 longe
2188 1944 2701 2027 opulentissima

494 2039 667 2105 ultra
700 2037 967 2103 Iberum
995 2037 1148 2114 fuit,
1179 2035 1315 2101 sita
1344 2055 1588 2120 passus
1618 2039 1797 2104 mille
1824 2040 2027 2108 ferme
2056 2064 2101 2109 a
2128 2046 2317 2111 mari.
2407 2046 2697 2115 Oriundi

491 2163 536 2209 a
567 2141 915 2226 Zacyntho
943 2139 1166 2205 insula
1196 2137 1529 2218 dicuntur,
1558 2142 1886 2227 mixtique
1916 2147 2120 2212 etiam
2159 2151 2246 2214 ab
2276 2148 2509 2216 Ardea
2551 2152 2702 2220 Ru-

488 2246 780 2311 tulorum
824 2241 1097 2329 quidam
1139 2242 1417 2325 generis.
1508 2242 1822 2311 Ceterum
1864 2249 1935 2314 in
1976 2256 2202 2317 tantas
2241 2255 2429 2320 brevi
2474 2275 2698 2322 creve—

487 2357 641 2416 rant
690 2367 883 2433 opes,
933 2366 1054 2412 seu
1098 2345 1480 2425 maritimis,
1531 2367 1652 2414 seu
1701 2353 2126 2420 terrestribus
2179 2355 2529 2440 fructibus,
2575 2380 2697 2426 seu

1400 2529 1425 2548 O
1430 2528 1765 2553 OOOONNNO

552 2671 615 2717 13
652 2665 792 2718 Olim
829 2664 1104 2731 legebatur
1136 2677 1247 2728 quos
1282 2679 1389 2715 cum
1420 2666 1601 2716 adisset
1633 2666 1778 2728 idem,
1806 2683 1853 2732 q.
1884 2669 1920 2719 1.
1947 2684 1992 2719 e.
2024 2674 2199 2720 ι.-14
2232 2670 2250 2700 ‘
2277 2671 2576 2733 Defert-em
2606 2677 2699 2728 Aac

483 2742 615 2784 cett.
683 2734 810 2783 Cum
844 2731 1001 2781 verba
1032 2730 1323 2795 sequentia,
1358 2733 1444 2780 hac
1470 2731 1924 2809 legacione-decreta
1956 2743 2082 2787 cett.
2117 2743 2302 2799 aperte
2337 2742 2698 2803 respondeant

486 2798 936 2858 antecedentibus,
958 2797 1039 2861 qai
1059 2811 1188 2847 cum.
1205 2830 1220 2845 .
1238 2797 1540 2847 ‚retulissent
1567 2799 1905 2863 placuissetque
1934 2810 2065 2852 cett.
2088 2802 2562 2868 interpunctionem
2588 2823 2698 2858 rna·

476 2864 647 2928 joretn
674 2874 788 2928 post
814 2865 1067 2924 deferrent,
1092 2877 1205 2926 qnae
1231 2875 1405 2911 omnes
1431 2863 1619 2922 adhue,
1657 2878 1781 2927 quas
1812 2865 1931 2928 vidi,
1967 2867 2224 2920 editiones
2261 2870 2488 2934 obsidet,
2511 2872 2695 2923 delen.

483 2931 606 2979 dum
641 2930 855 2979 cenaui!
887 2928 1249 2987 Darium-15
1285 2930 1301 2954 ⁴
1330 2926 1411 2975 At.
1443 2931 1502 2977 de
1538 2930 1745 2991 integro,
1786 2944 1886 2980 non
1912 2933 2068 2997 male,
2088 2942 2146 2985 ut
2182 2949 2299 3000 cap.
2323 2939 2375 2987 8.
2400 2941 2483 2989 18.
2501 2943 2585 2990 at.
2609 2943 2694 2990 ⁶9.

486 2997 554 3045 al.
573 2996 663 3049 sed
689 3009 960 3061 perperam
982 2991 1172 3042 delata)
1208 2993 1565 3056 Rupert.-16
1599 2994 1683 3044 Al.
1717 2996 2018 3061 Pmpltilas.

1473 3156 1523 3207 N
1529 3155 1692 3208 0⁹1·AE

545 3283 572 3320 ⁸
603 3272 932 3338 Legatiqaeeo
954 3268 1187 3320 munius
1205 3268 1359 3333 missi]
1393 3270 1545 3334 Poly·
1625 3272 1839 3336 gerendi
1861 3273 1915 3324 in
1939 3274 2194 3341 Hispania
2217 3276 2342 3329 belli
2364 3293 2485 3345 spes
2503 3282 2690 3334 Roma.

478 3355 597 3406 bins
632 3354 664 3403 l.
689 3366 817 3403 vm.
837 3365 886 3400 c.
908 3353 959 3399 4.
982 3349 1163 3398 missos
1191 3348 1360 3398 Roma
1378 3349 1543 3413 Lega-
1623 3351 1703 3400 nis
1731 3353 2065 3403 adimeretur.
2102 3360 2153 3406 2.
2174 3364 2230 3406 nt
2251 3371 2314 3408 eo
2339 3366 2542 3410 terrore
2564 3362 2691 3411 His·

481 3440 564 3484 tos
602 3429 765 3481 refert
800 3437 921 3478 ante
939 3426 1161 3490 Sagunti
1189 3424 1541 3487 obsidionum

479 3510 656 3576 aitque
678 3506 1009 3572 respondisse
1031 3502 1374 3553 Hannibalem
1391 3502 1538 3567 quasi

478 3588 698 3637 amicum
734 3583 1152 3649 Saguntinorum,
1184 3588 1241 3631 et
1278 3581 1538 3631 Romanos

476 3663 818 3729 increpuisse,
848 3660 1006 3726 quod,
1033 3667 1149 3709 orta
1176 3660 1311 3708 inter
1340 3657 1537 3721 Sagun·

476 3742 615 3792 tinos
647 3739 986 3794 dissensione,
1015 3749 1130 3787 eum
1162 3734 1330 3799 rogati
1360 3741 1538 3785 essent

475 3819 676 3882 legatos
708 3818 770 3869 ad
807 3832 890 3868 res
923 3812 1303 3879 componendas
1340 3812 1535 3874 Sagun·

476 3904 587 3945 tum
622 3895 844 3950 mittere,
869 3891 1113 3958 quosdam
1147 3903 1177 3937 e
1204 3888 1536 3951 Principibus

476 3972 704 4024 civitatis
737 3985 832 4037 per
858 3970 1099 4035 injuriam
1124 3963 1539 4030 interfecissent;

476 4067 601 4118 quos
623 4065 681 4101 se
702 4049 881 4100 ulcisci
905 4048 1037 4098 velle
1061 4044 1324 4112 professus
1347 4044 1434 4096 sit.

538 4127 564 4162 ¹·
594 4126 865 4190 Saguntum
882 4141 1062 4176 samma
1082 4124 1131 4174 vi
1150 4122 1531 4190 oppugnabatur]

473 4207 669 4257 Causas
689 4204 835 4270 hujus
856 4202 1254 4268 oppugnationis
1271 4201 1363 4250 has
1380 4197 1537 4252 affert

473 4280 745 4345 Polybius.
784 4284 831 4331 1.
855 4289 931 4339 ut,
951 4279 1050 4330 hac
1070 4277 1197 4329 urbe
1220 4283 1538 4344 expugnata,

1625 3444 1805 3493 panos,
1819 3433 1929 3497 jam
1962 3434 2222 3491 subactos,
2244 3435 2298 3485 in
2329 3436 2586 3503 obsequio
2607 3454 2690 3490 re·

1624 3508 1843 3570 tineret5
1886 3509 2076 3561 liberos
2115 3512 2166 3561 iu
2213 3521 2391 3577 partes
2432 3518 2690 3570 traheret.

1619 3587 1669 3633 8.
1695 3594 1751 3635 ut
1771 3586 1943 3638 hostili
1975 3596 2090 3651 post
2111 3602 2169 3638 se
2192 3590 2305 3640 loco
2334 3592 2478 3642 nullo
2503 3595 2691 3645 relicto

1621 3663 1786 3713 tutius
1823 3664 1875 3713 iu
1913 3664 2123 3716 Italiam
2160 3667 2453 3731 transgredi
2475 3681 2690 3734 ¹posset.

1618 3741 1667 3790 ⁴.
1714 3746 1774 3790 ut
1810 3754 1878 3789 ex
1919 3742 2102 3805 praeda
2138 3744 2282 3793 urbia
2321 3746 2586 3809 opulente
2631 3756 2690 3800 et

1615 3816 1714 3865 sibi
1746 3818 2018 3879 pecuniam
2042 3819 2107 3869 ad
2134 3820 2452 3884 perficienda
2471 3824 2690 3889 incepta

1613 3896 1957 3946 necessariam
1980 3907 2326 3962 compararet,
2341 3908 2400 3950 et
2420 3909 2572 3964 parte
2593 3904 2690 3952 rai·

1615 3968 1793 4021 litibus
1825 3986 2091 4038 concessa,
2115 3988 2208 4024 eos
2238 3974 2304 4025 ad
2333 3976 2536 4042 reliqua
2563 3978 2686 4029 red·

1613 4045 1764 4098 deret
1793 4049 2094 4112 alacriores,
2115 4060 2172 4103 et
2203 4054 2374 4103 missis
2405 4054 2685 4120 Cartbagi-

1614 4139 1734 4176 nem
1773 4128 2090 4184 muneribus,
2123 4130 2320 4181 animos
2353 4130 2544 4185 civium
2576 4131 2684 4184 sibi

1614 4206 1778 4272 magia
1798 4221 1861 4259 ac
1883 4209 2048 4274 magis
2070 4210 2392 4264 conciliaret.
