3025 4892
1038 396 1186 444 ιω.
1233 395 1410 444 xxi.
1457 396 1623 444 cap.
1666 379 1776 445 63.
2195 399 2199 403 ’
2324 382 2495 452 1763

292 543 454 609 lium
499 547 567 608 et
609 543 950 608 solennem
998 549 1300 608 votorum
1332 542 1894 625 nuncupationem
1938 541 2229 626 fugisse:
2277 564 2358 608 ne
2388 544 2494 609 die

289 648 440 712 initi
496 647 965 733 magistratusq
1003 646 1205 712 Jovis
1251 647 1488 730 optimi
1537 646 1817 709 maximi
1872 644 2186 728 templum
2232 647 2488 711 adiret:

289 769 373 814 ne
424 756 752 825 senatum,
801 749 1060 814 invisus
1113 750 1347 832 ipse,²0
1399 754 1467 813 et
1518 749 1647 813 sibi
1700 749 1813 813 uni
1864 750 2177 825 invisum,
2237 749 2496 814 videret

288 853 836 936 consuleretque:
885 871 966 916 ne
1015 851 1297 915 Latinas
1349 850 1691 929 indiceret,
1736 851 2031 935 Jovique
2077 851 2337 916 Latiari
2384 873 2493 917 so-

288 953 479 1020 lenne
530 975 793 1020 sacrum
844 956 909 1019 in
958 961 1185 1020 monte
1233 954 1483 1019 faceret
1510 974 1527 1015 ε
1556 962 1576 993 ¹
1608 973 1712 1029 ne,
1752 957 2105 1038 auspicato
2148 956 2491 1039 profectus

286 1059 356 1121 in
406 1057 815 1142 Capitolium
866 1058 952 1124 ad
1006 1063 1164 1123 vota
1209 1056 1683 1141 nuncupanda,
1737 1057 2105 1141 paludatus
2145 1058 2300 1124 inde
2332 1079 2489 1123 cum

287 1161 635 1226 lictoribus
682 1161 769 1225 ad
813 1162 1274 1245 provinciam²
1321 1161 1466 1226 iret.
1558 1160 1755 1226 Lixoe
1797 1162 2002 1227 modo
2029 1163 2055 1199 ἕ
2100 1164 2240 1226 sine
2289 1163 2488 1245 insig-

285 1265 512 1341 nibuS,
542 1266 685 1330 sine
715 1265 1089 1343 lictoribus,
1138 1264 1504 1348 profectum
1551 1264 1748 1341 clam,
1803 1264 2052 1340 furtim,
2085 1263 2263 1329 haud
2299 1264 2491 1328 aliter

284 1388 488 1451 quam
524 1370 580 1432 si
610 1369 799 1433 exilii
830 1388 1041 1434 causa
1066 1369 1282 1432 solum
1307 1367 1634 1432 vertisset.
1727 1368 1955 1450 Magis
1982 1386 2103 1451 pro
2126 1367 2486 1451 majestate

283 1470 603 1536 videlicet
637 1471 895 1555 imperii
933 1469 1246 1548 Arimini,
1295 1490 1496 1555 qnam
1540 1468 1804 1550 Romae,
1860 1471 2320 1554 magistratum
2364 1471 2487 1535 ini-

283 1582 533 1653 turum,
562 1583 632 1639 et
659 1576 728 1639 in
759 1574 1145 1639 deversorio
1175 1572 1521 1656 hospitali,
1553 1593 1752 1658 quam
1783 1574 1963 1657 apud
2002 1580 2273 1657 penates
2304 1593 2487 1651 suoS,

283 1685 691 1761 praetextam
750 1676 1162 1744 sumturum.'
1276 1677 1756 1742 Revocandum
1812 1678 2093 1742 universi
2158 1677 2487 1742 retrahen-

280 1781 577 1866 dumque
601 1787 1022 1860 censuerunt3
1053 1786 1122 1844 et
1142 1780 1509 1864 cogendum
1536 1779 1845 1844 omnibus
1873 1782 2057 1863 prius
2081 1787 2489 1863 praesentem

280 1886 350 1948 in
384 1883 576 1948 Deos
600 1882 1036 1967 hominesque
1066 1883 1252 1964 fungi
1282 1882 1544 1960 officiis,
1576 1902 1776 1967 quam
1810 1884 1896 1947 ad
1923 1885 2292 1948 exercitum
2326 1891 2392 1949 et
2419 1885 2486 1949 in

277 1987 706 2072 provinciam
755 1988 905 2052 iret.
992 1987 1075 2052 In
1120 2006 1270 2052 eam
1309 1988 1705 2070 legationem
1748 1985 2047 2074 (legatos
2096 1988 2266 2052 enim
2313 1990 2488 2052 mitti

277 2088 574 2174 placuit)
605 2090 696 2171 Q.
720 2091 1077 2155 Terentius
1100 2096 1167 2156 et
1196 2090 1299 2156 M.
1333 2088 1677 2155 Antistius
1702 2091 2006 2173 profecti,
2036 2089 2247 2154 nihilo
2272 2092 2486 2174 magis

279 2213 436 2258 eum
471 2200 844 2274 moverunt,
900 2214 1102 2278 quam
1143 2195 1350 2278 priori
1384 2196 1742 2262 consulatu
1774 2195 1984 2259 literae
2018 2201 2367 2261 moverant
2396 2194 2483 2258 ab

278 2303 519 2362 senatu
552 2299 802 2363 missae.
893 2298 1167 2363 Paucos
1199 2304 1355 2382 post
1381 2298 1527 2363 dies
1558 2298 2020 2380 magistratum
2050 2298 2221 2373 iniit,
2252 2298 2487 2361 immo·

277 2400 580 2485 lantique
609 2400 672 2466 ei
715 2402 967 2468 vitulus
985 2401 1128 2486 jam
1159 2402 1337 2465 ictus
1368 2421 1407 2466 e
1439 2402 1755 2466 manibus
1780 2398 2298 2464 sacrificantium
2329 2419 2483 2464 sese

281 2520 436 2566 cnm
490 2504 951 2588 proripuisset,
1001 2502 1251 2569 multos
1299 2502 1806 2569 circumstantes
1856 2520 2087 2567 cruore
2144 2502 2480 2583 respersit.

281 2604 475 2688 Fuga
502 2605 739 2691 procul
771 2607 974 2672 etiam
1004 2606 1222 2690 major
1260 2605 1439 2690 apud
1482 2605 1770 2689 ignaros,
1816 2604 1979 2690 quid
2022 2602 2483 2687 trepidaretur,

278 2714 344 2773 et
384 2709 813 2776 concursatio
853 2709 1002 2775 suit.
1090 2709 1176 2774 Id
1208 2730 1252 2775 a
1279 2708 1622 2794 plerisque
1672 2710 1740 2772 in
1792 2716 2029 2772 omen³
2082 2708 2303 2789 magni
2353 2717 2476 2771 ter-

277 2814 449 2878 roris
500 2820 874 2897 acceptum.
981 2813 1397 2895 Legionibus
1458 2812 1615 2877 inde
1669 2810 1934 2875 duabus
1987 2830 2031 2877 a
2089 2809 2481 2892 Sempronio

275 2915 524 2999 prioris
564 2915 724 2979 anni
760 2915 1057 3004 consule,
1101 2913 1361 2979 duabus
1391 2934 1432 2978 a
1464 2913 1544 2979 C.
1580 2913 1786 2978 Atilio
1829 2919 2114 2997 praetore
2149 2910 2479 2997 acceptis,

270 3021 346 3084 in
402 3017 733 3083 Etruriam
793 3039 915 3104 per
967 3017 1302 3102 Apennini
1332 3023 1363 3065 4
1422 3017 1719 3083 tramites
1762 3018 2103 3096 exercitus¹
2161 3015 2312 3081 duci
2374 3024 2481 3080 est

271 3128 577 3206 coeptus.

339 3282 363 3318 Ι
401 3284 648 3350 Tanquam
668 3300 789 3336 unus
809 3301 836 3334 e
855 3300 1047 3337 nmero
1063 3286 1293 3351 lixarum,
1313 3286 1640 3336 celedonium.

1205 3431 1564 3453 001000000θῶ

269 3532 386 3582 sine
410 3529 574 3581 dubio
596 3545 772 3580 verum
807 3537 907 3592 est,
929 3530 1123 3607 primns
1157 3531 1452 3582 Gronovius
1487 3532 1724 3593 recepit?
1758 3531 1944 3581 Stroth.
1998 3529 2118 3581 vid.
2141 3529 2264 3579 Not.
2288 3528 2481 3577 Ver.—

269 3601 338 3647 2⁰
374 3597 502 3646 Vet-
536 3596 629 3646 lib.
662 3611 747 3661 ap.
771 3595 948 3660 Sigon.
976 3595 1158 3646 invisus
1176 3597 1288 3662 ipsi.
1290 3602 1384 3647 —1
1424 3598 1565 3649 Olim
1587 3597 1732 3662 Joviq
1735 3596 1998 3646 ueLaeiali
2017 3597 2202 3645 solenne
2220 3609 2406 3644 sucrum
2428 3596 2480 3643 in

269 3668 432 3712 nante
454 3662 855 3722 Albanosaeerel.
857 3665 954 3711 —2
987 3661 1126 3710 Olim
1151 3663 1423 3725 legebatur
1441 3665 1695 3726 paludatus
1715 3663 1824 3711 inde
1845 3664 1908 3711 ad
1924 3660 2232 3725 provinciam,
2254 3661 2364 3708 sine
2392 3675 2479 3705 vo-

269 3728 421 3777 cibus
453 3740 558 3776 cnm
595 3727 952 3777 lictoribus—8
988 3726 1096 3776 Pro
1123 3727 1178 3776 in
1208 3742 1344 3778 omen
1379 3727 1519 3779 Duk.
1559 3736 1614 3778 et
1657 3727 1819 3776 Drak.
1843 3727 1981 3789 conj.
2017 3732 2069 3775 ut
2089 3739 2242 3786 omen,
2266 3734 2320 3773 et
2341 3724 2391 3774 J.
2420 3724 2478 3773 F.

272 3792 445 3844 Gron.
467 3807 621 3852 om,
646 3801 707 3842 ut
729 3807 813 3857 ap
833 3792 959 3842 Tac.
982 3790 1118 3842 Ann·
1141 3805 1181 3842 ι.
1200 3797 1382 3843 28.-4
1419 3794 1560 3843 Olim
1583 3794 1636 3842 in
1662 3789 2410 3854 EtruriamjamperApennini.

1268 3939 1486 3992 NOTAE

275 4046 454 4091 antea.
499 4035 671 4087 Acute
695 4037 987 4089 Gronovius
1008 4037 1144 4088 hunc
1166 4037 1333 4089 locum
1475 4049 1501 4083 «i
1537 4040 1615 4090 Ne
1634 4039 1712 4089 die
1731 4038 1846 4088 initi
1865 4035 2194 4101 magistratus,
2214 4036 2322 4101 ὅπη]
2365 4037 2477 4087 De-

269 4119 343 4168 sic
389 4115 708 4177 emendavit,
744 4130 861 4166 cum
905 4115 1032 4166 alias
1076 4116 1336 4180 legeretur
1413 4116 1710 4167 scribuntur
1730 4115 1957 4164 solennia
1975 4113 2343 4165 abineuntibus
2355 4128 2478 4165 con-

267 4192 561 4244 conscientia
577 4192 945 4257 prater-iterum,
980 4194 1061 4245 vel
1098 4193 1333 4244 conscien-
1414 4194 1637 4245 sulatum
1660 4192 1853 4243 servari
1873 4200 2137 4242 consueta.

270 4273 370 4322 tias
387 4274 665 4334 preterm-
