3025 4892
973 374 1119 421 mn.
1168 372 1397 423 xxxv.
1441 373 1609 424 cn.
1649 359 1760 425 32.
2294 360 2468 427 2041

279 518 438 585 dum
471 512 830 601 salutem,¹³
860 523 937 584 ut
965 517 1239 596 assolet,
1287 518 1617 603 scriptum·
1661 523 1836 585 erat:
1883 523 1905 555 ‘
1938 519 2155 586 Recte
2194 540 2341 586 eum
2375 528 2473 586 at·

280 641 412 704 que
464 621 697 686 ordine
752 621 1022 697 secisse,
1065 620 1245 703 quod
1292 621 1357 684 in
1415 620 1763 686 Leontinis
1814 623 1978 687 nulli
2033 625 2473 708 pepercisset.

279 723 422 787 Sed
455 723 746 788 omnium
776 723 1331 788 mercenariorum
1361 721 1643 788 militum
1674 725 1957 789 eandem
1986 745 2142 792 esse
2173 720 2472 803 causam,

279 845 405 890 nec
435 844 724 909 unquam
744 826 1121 910 Syracusas
1152 825 1512 909 quieturaS,
1540 823 1753 890 donec
1786 828 2143 912 quicquam
2174 834 2475 894 externo·

281 946 428 992 rum
461 928 864 994 auxiliorum
896 927 1105 992 autin
1138 927 1300 991 urbe
1326 927 1543 991 autin
1568 929 1861 993 exercitu
1891 950 2015 996 suo
2041 939 2242 997 esset.
2333 932 2475 996 Ita-

285 1050 421 1119 que
458 1028 641 1096 daret
672 1049 975 1115 operam,
998 1036 1076 1094 ut
1112 1048 1253 1108 eoS,
1285 1031 1402 1114 qui
1446 1049 1600 1094 cum
1640 1030 1781 1095 suis
1824 1035 2220 1116 praetoribus
2260 1039 2479 1100 castra

284 1132 374 1198 ad
428 1131 769 1216 Megaram
824 1132 1158 1209 haberent,
1209 1132 1274 1196 in
1321 1150 1509 1197 suam
1566 1140 1962 1216 potestatem
2013 1136 2360 1220 redigeret,
2392 1158 2478 1204 ac

282 1236 624 1320 supplicio
670 1247 944 1301 eorum‘
973 1235 1284 1300 liberaret
1313 1235 1577 1300 tandem
1613 1236 2027 1320 Syracusas?
2114 1238 2293 1304 Haec
2324 1258 2477 1304 cum

283 1337 570 1403 recitata
610 1344 863 1413 essent,
914 1355 1065 1401 cum
1090 1343 1143 1383 ¹⁴
1189 1342 1377 1401 tanto
1425 1338 1716 1404 clamore
1760 1337 1848 1403 ad
1889 1360 2074 1406 arma
2103 1341 2477 1407 discursum

286 1447 414 1520 est,
463 1448 537 1505 ut
580 1447 909 1524 praetores
964 1439 1134 1503 inter
1184 1440 1535 1505 tumultum
1587 1441 1815 1526 pavidi
1868 1443 2405 1526 adequitaverint
2429 1451 2479 1491 ¹5

289 1545 708 1630 Syracusas!
782 1543 871 1609 Et
898 1563 980 1608 ne
1007 1543 1169 1625 fuga
1196 1543 1462 1627 quidem
1487 1543 1540 1584 ¹⁶
1561 1564 1787 1610 eorum
1817 1547 2059 1613 seditio
2088 1566 2484 1633 compressa

288 1656 415 1726 est,
431 1648 859 1732 impetusque
881 1647 947 1712 in
973 1647 1437 1730 Syracusanos
1458 1648 1704 1713 milites
1723 1648 1969 1715 fiebant
1987 1673 2003 1712 z
2020 1657 2044 1686 ⁶
2070 1668 2193 1714 nec
2223 1650 2310 1717 ab
2339 1649 2481 1714 ullo

288 1756 727 1845 temperatum
759 1750 948 1821 foret,
979 1749 1048 1813 ni
1078 1748 1417 1832 Epicydes
1445 1755 1646 1834 atque
1675 1750 2134 1834 Hippocrates
2165 1751 2284 1816 irae
2316 1751 2483 1815 mul-

288 1853 595 1920 titudinis
642 1854 914 1917 obviam
961 1852 1211 1931 issent;
1259 1870 1390 1916 non
1437 1872 1482 1916 a
1529 1851 1992 1918 misericordia
2033 1860 2154 1919 aut
2195 1852 2485 1919 humano

291 1956 620 2034 consilio:
650 1954 769 2020 sed
807 1974 892 2019 ne
927 1973 1118 2038 spem
1154 1953 1408 2019 reditus
1444 1954 1889 2038 praeciderent
1916 1955 2070 2033 sibi,
2099 1964 2169 2021 et
2198 1977 2349 2021 cum
2380 1957 2487 2041 ip-

291 2078 407 2125 sos
451 2059 652 2125 simul
695 2058 946 2122 milites
993 2055 1164 2121 fidos
1199 2055 1542 2134 haberent,
1584 2058 1786 2123 simul
1823 2056 2113 2135 obsides,
2150 2066 2285 2125 tum
2332 2078 2486 2142 cog·

292 2169 497 2228 natos
541 2181 813 2248 quoque
857 2180 1082 2226 eornm
1127 2163 1331 2242 atque
1368 2161 1627 2226 amicos
1672 2168 1860 2225 tauto
1902 2162 2140 2227 merito
2180 2163 2486 2247 primum,

294 2263 446 2329 dein
484 2265 756 2349 pignore
789 2264 923 2328 sibi
964 2260 1436 2327 conciliarent:
1481 2264 1905 2347 expertique,
1938 2282 2136 2348 quam
2166 2283 2345 2328 vana
2373 2271 2490 2328 aut

291 2368 428 2431 levi
472 2386 636 2432 aura
675 2365 923 2432 mobile
963 2365 1204 2447 vulgus
1244 2369 1442 2445 esset,
1478 2365 1759 2430 militem
1798 2366 2029 2430 nancti
2052 2368 2104 2415 ¹⁷
2135 2385 2222 2430 ex
2255 2385 2339 2431 eo
2371 2386 2491 2431 nu·

295 2489 502 2545 mero,
526 2470 737 2555 quiin
769 2466 1118 2549 Leontinis
1148 2465 1575 2531 circumsessi
1604 2472 1813 2543 erant,
1841 2468 2228 2546 subornant,
2260 2473 2335 2532 ut
2364 2468 2491 2551 Sy·

296 2593 581 2639 recusas
628 2571 947 2656 perferret
994 2567 1297 2632 nuntium
1351 2569 1856 2633 convenientem
1883 2569 2004 2646 eiS,
2035 2588 2189 2652 quoe
2221 2569 2305 2633 ad
2341 2568 2498 2653 My-

293 2678 432 2742 lam
483 2676 654 2740 falso
701 2673 1006 2739 nuntiata
1051 2678 1263 2748 erant,
1311 2677 1786 2756 auctoremque
1833 2689 1911 2736 se
1964 2671 2358 2748 exhibendo,
2409 2690 2493 2735 ac

297 2779 487 2842 velut
512 2779 684 2856 visa,
715 2794 874 2862 quae
928 2773 1133 2839 dubia
1177 2783 1387 2854 erant,
1418 2774 1765 2854 narrando,
1794 2774 2161 2840 concitaret
2209 2774 2345 2839 iras
2377 2773 2493 2837 ho·

297 2881 576 2945 minum.

385 2982 497 3047 32.
543 2981 725 3046 Huic
757 2999 890 3044 non
924 2979 1110 3064 apud
1140 2979 1412 3061 vulgum
1443 2978 1639 3044 modo
1662 2979 1830 3045 fides
1859 2977 2012 3056 fuit,
2040 2976 2159 3043 sed
2191 2984 2496 3041 senatum
2538 3014 2556 3029 ·

300 3104 575 3170 quoque
615 3084 680 3148 in
721 3083 974 3148 curiam
1018 3081 1441 3147 introductus
1478 3081 1770 3147 movit.¹⁸
1881 3079 2089 3146 Haud
2142 3080 2299 3144 vani
2348 3078 2498 3163 qui·

364 3264 393 3298 ε
429 3254 495 3303 Et
516 3266 601 3316 per
622 3253 833 3317 ipson-mn
851 3265 1031 3314 poenas.
1521 3247 1549 3281 ὅ
1582 3249 1844 3313 Syme-m
1863 3249 1916 3297 in
1936 3248 2067 3311 equis
2083 3247 2285 3311 prqfecti
2304 3252 2433 3296 sunt.

369 3317 386 3351 ¹
419 3320 534 3368 Non
548 3333 611 3368 ex
631 3317 949 3378 miseratione,
969 3320 1052 3366 aut
1068 3315 1279 3372 mazio,
1300 3321 1346 3365 et
1368 3314 1656 3376 cogitatione
1675 3315 1989 3364 humanitatis
2004 3319 2305 3376 suggerentes

1203 3455 1572 3478 OOOOOOOOOOO

305 3560 538 3611 Gronov.
561 3558 796 3608 Crevier.
819 3565 875 3608 et
898 3558 1067 3608 Drak.
1091 3556 1208 3621 quia
1234 3557 1285 3605 in
1310 3557 1414 3607 Mn.
1452 3556 1575 3607 ΡΜ.
1598 3563 1680 3605 est
1705 3553 2106 3604 (Inarime-18
2144 3553 2294 3602 pra-e.
2332 3551 2497 3615 Syr-ac.

309 3625 539 3674 Mar-eene
559 3638 642 3671 suo
663 3624 862 3673 satutem
887 3622 1019 3671 Edd.
1046 3622 1279 3685 plerique
1300 3631 1420 3670 ante
1437 3621 1797 3670 Gronov.-l4
1817 3621 1939 3668 Can
1961 3619 2109 3669 abest
2132 3620 2198 3667 ab
2222 3617 2354 3667 Edd.
2379 3627 2502 3666 ante

307 3690 672 3738 Granum—15
707 3687 1135 3750 ‘Adequitmn'ut
1208 3685 1376 3735 uidam
1417 3687 1546 3733 Man.
1586 3686 1672 3734 alii
1706 3684 2095 3748 abequitauerint.
2177 3683 2302 3732 Inoa
2337 3683 2503 3731 secuti

304 3754 541 3804 Gronov.
566 3759 618 3802 et
643 3751 813 3802 Drak.
836 3753 925 3801 luo·
950 3753 1142 3801 rectius
1192 3767 1342 3799 onan
1361 3751 1513 3799 Crev.
1539 3757 1593 3798 et
1616 3750 1814 3800 Stroth.
1884 3748 2106 3800 Quidam
2129 3746 2503 3811 abequitaverint

307 3814 446 3869 Edd.
475 3823 594 3866 ante
617 3816 863 3867 Gronov!
899 3817 1230 3880 Raptim—16
1263 3816 1362 3867 Sed
1395 3830 1454 3866 ne
1475 3817 1607 3878 suga
1644 3831 1692 3879 q.
1726 3813 1951 3864 malebat
1983 3812 2314 3862 unkun—1⁷
2351 3811 2506 3863 Nacti

305 3884 444 3933 Edd.
470 3891 592 3931 ante
613 3883 844 3932 Gronov.
868 3891 923 3932 et
948 3882 1213 3945 Kreyssig-

377 3952 441 3998 18
472 3950 489 3977 ‘
520 3948 704 3998 Placet
723 3947 783 3996 τὸ
803 3947 970 4010 mou,
989 3949 1086 3996 etsi
1110 3947 1229 3996 Pet.
1259 3945 1458 3995 mundt-
1511 3945 1628 3994 Pal.
1647 3945 1792 3994 Men,
1823 3941 2100 3992 amonuit.
2168 3940 2292 3989 Put.
2322 3939 2509 3987 innuit

1313 4076 1359 4126 N
1368 4074 1524 4126 0⁹1·AE

373 4185 396 4211 θ
432 4174 762 4239 lupumque.
780 4172 1041 4238 ..flebantJ
1088 4170 1256 4235 Vulgo
1274 4172 1368 4236 jie-
1453 4180 1629 4235 petum
1652 4169 1866 4236 epar-inu
1897 4167 2092 4218 fuctum
2121 4167 2395 4230 designare
2418 4178 2507 4215 vn·

301 4251 390 4302 bat
406 4267 428 4311 ,⁶
463 4250 555 4300 ned
580 4251 663 4299 liic
686 4249 919 4313 pluribu-
949 4249 1099 4297 simul
1129 4246 1255 4298 locis
1278 4249 1369 4296 im·
1450 4247 1566 4296 luit.

446 4332 632 4395 Delpk.
651 4337 699 4381 et
724 4330 842 4380 Var-
865 4330 998 4380 Clau.
1310 4326 1497 4381 Livius.
2277 4327 2310 4372 6
2341 4325 2376 4374 S
