3025 4892
867 378 1076 437 Lisai
1129 384 1292 434 xvi.
1337 381 1987 435 surrnnnswrun.
2356 357 2528 438 1531

313 533 558 593 veniunt
595 542 659 592 et
703 530 872 592 Galli
897 533 991 608 ‘ab
1019 531 1322 592 Hannone
1367 530 1619 611 decepti.
1705 528 2205 610 consurgentibus

316 628 394 688 ad
424 629 532 688 bos
554 627 936 714 excipiendos
957 626 1253 688 Romanis
1287 627 1465 687 oritur
1489 626 1756 707 praelium
1782 635 1975 696 atrox,
2004 628 2063 685 in
2088 646 2205 707 quo

317 723 488 785 Galli
525 744 729 785 omnes
768 725 1098 796 interfecti,-
1121 724 1454 785 cum-inulti
1482 724 2204 794 noluissent-occumbere,

314 821 541 903 duplex
569 819 857 882 Hannoni
884 821 1162 900 gaudium
1188 821 1580 903 praebuerunt,
1606 820 2091 881 conductitiorum
2118 821 2205 878 in-

313 917 628 978 solentiam
652 929 804 978 cumi
817 918 1069 979 bostium
1087 918 1246 982 baud
1270 919 1485 998 exiguo
1510 918 1860 980 detrimento
1881 916 2207 979 non‘incal-

322 1014 440 1075 lide
468 1014 811 1075 vindicanti.
1207 1051 1210 1056 >
2140 1047 2146 1054 -

399 1118 503 1172 61.
545 1110 765 1172 Romae
799 1113 1032 1173 interim
1071 1112 1147 1172 de
1188 1131 1344 1193 aqua
1385 1111 1638 1171 Anienis
1679 1112 1739 1171 in
1780 1110 1983 1171 urbem
2023 1108 2208 1186 dedu·
2266 1127 2428 1177 Front.
2472 1128 2535 1178 de

320 1207 511 1268 cenda
539 1207 838 1269 Minucius
862 1218 1073 1289 praetor
1104 1209 1163 1268 in
1204 1217 1410 1269 senatu
1436 1207 1653 1268 retulit.
1736 1206 1908 1287 Opus
1951 1205 2097 1266 illud
2132 1224 2210 1265 ex
2233 1192 2521 1258 *qu-³¹⁰⁰*

323 1305 615 1365 manubiis
636 1325 840 1366 censor
868 1305 980 1365 Μ’.
1008 1304 1223 1367 Curius
1261 1305 1592 1365 locaverat:
1635 1303 1740 1364 sed
1774 1304 1954 1364 variis
1993 1302 2214 1362 exortis

324 1400 776 1482 impedimentis,
804 1423 897 1462 res
921 1422 1140 1463 nonum
1182 1403 1242 1462 in
1283 1421 1502 1461 annum
1529 1400 1760 1482 prolata
1784 1409 1909 1460 tum
1935 1408 2214 1460 retracta-

323 1497 532 1558 batur:
574 1499 872 1579 creatique
920 1498 1212 1559 duumviri
1255 1497 1471 1560 Curius
1519 1507 1582 1558 et
1632 1496 1880 1558 Fulvius
1924 1496 2211 1557 Flaccus:

323 1594 425 1655 sed
466 1594 653 1655 Curio
675 1596 943 1676 quintum
974 1597 1126 1657 intra
1167 1596 1325 1656 diem
1365 1595 1667 1665 defuncto,
1717 1593 1904 1674 gloria
1943 1593 2213 1654 deductae

322 1710 497 1771 aquae
522 1712 700 1774 penes
725 1713 902 1753 unum
920 1691 1347 1754 Fulviumfuit.
1408 1692 1536 1753 Sub
1563 1691 1624 1752 id
1648 1701 1879 1773 tempus
1896 1688 2216 1751 Hamilcar

323 1788 380 1847 in
407 1787 680 1850 Siciliam
716 1789 1038 1851 Hannonis
1060 1810 1355 1851 successor
1380 1788 1743 1869 Carthagine
1766 1788 1948 1849 venit.
2032 1786 2213 1848 Han·
2237 1803 2439 1857 Diodor.

324 1904 537 1946 nonem
561 1905 814 1967 namque
859 1907 936 1947 ex
976 1886 1136 1947 mala
1160 1907 1358 1967 pugna
1384 1886 1621 1946 domum
1667 1884 2006 1946 redeuntem
2048 1884 2211 1963 igno-

323 1982 567 2042 miniose
618 1993 977 2064 exceperant
1026 1983 1226 2054 Poeni,
1286 1982 1746 2064 mulctatumque
1793 2001 1902 2043 sex
1952 1981 2216 2042 millibus

322 2098 631 2139 aureorum
646 2077 667 2115 ὅ
690 2080 1036 2160 praefectura
1058 2081 1444 2141 dimoverant.
1499 2080 1657 2140 Eum
1684 2079 2090 2142 Hamilcarem
2107 2099 2213 2160 pa-
2269 2101 2438 2151 Zona.
2491 2109 2542 2149 et

320 2183 468 2235 trem
497 2174 886 2248 Hannibalis,
929 2179 1033 2258 qui
1068 2173 1332 2257 sequens'
1350 2177 1573 2237 bellum
1600 2176 1899 2237 Punicum
1940 2176 2217 2238 adversus
2239 2165 2424 2216 cimus
2441 2164 2542 2216 Off.

323 2270 635 2333 Romanos
657 2273 851 2345 duxit,
875 2272 1075 2345 fuisse,
1116 2274 1357 2354 quidam
1380 2272 1757 2335 similitudine
1788 2275 2088 2334 nominum
2113 2272 2218 2332 de-
2242 2248 2326 2280 m.
2345 2235 2430 2282 ’θ’

320 2371 480 2451 cepti
535 2389 654 2429 non
705 2379 862 2430 recte
912 2369 1279 2432 tradiderunt
1306 2391 1321 2430 ε
1385 2390 1522 2431 nam
1575 2371 1800 2450 genitor
1856 2368 2219 2431 Hannibalis

325 2464 649 2527 Hamilcar
671 2468 946 2546 extremis
968 2470 1101 2549 ejus
1123 2467 1267 2528 belli
1307 2468 1666 2550 temppribus
1690 2469 1751 2528 in
1778 2466 2044 2528 Siciliam
2082 2485 2218 2525 cum
2241 2481 2388 2532 com.
2411 2480 2543 2545 Nep.

325 2563 573 2645 imperio
616 2563 953 2625 adolescens
990 2564 1187 2625 venit:
1230 2563 1681 2625 sechelebritas
1722 2565 1852 2644 ejus
1891 2562 2112 2633 effecit,
2154 2571 2220 2621 ut
2243 2549 2294 2630 ¹¹?
2318 2546 2544 2661 lnamilc.

324 2658 569 2719 alterius
592 2661 891 2739 ignotioris
918 2660 1285 2724 Hamilcaris
1309 2671 1446 2722 acta
1474 2662 1686 2722 Barcae
1708 2659 2067 2730 Hamilcari,
2096 2678 2220 2718 om·
2246 2628 2292 2663 c.
2351 2647 2364 2662 ’

324 2757 485 2816 nium
532 2759 638 2837 qui
675 2758 788 2818 hoc
825 2758 1055 2818 nomine
1095 2758 1332 2822 fuerunt
1371 2756 1751 2828 nobilissimo,
1785 2756 2222 2818 ascriberentur.

331 2850 648 2914 Successor
681 2853 856 2932 igitur
888 2853 1207 2915 Hannonis
1233 2849 1575 2926 Hamilcar,
1608 2852 1862 2935 pedestri
1878 2829 2091 2933 'utique
2117 2871 2222 2912 ex·
2301 2870 2305 2873 ’

323 2949 506 3011 ercitu
534 2948 848 3011 Romanos
870 2950 1044 3029 longe
1068 2951 1390 3032 superiores
1429 2971 1554 3012 esse
1579 2971 1840 3022 cernens,
1886 2943 2222 3010 mediterra-
2249 2973 2423 3041 Polyb.

326 3065 466 3107 neas
489 3046 731 3127 quidem
757 3048 931 3107 urbes
954 3046 1147 3107 nullas
1173 3048 1434 3108 audebat
1458 3047 1720 3127 agg-redi,
1762 3067 1952 3128 neque
1976 3067 2052 3106 ex
2080 3044 2227 3106 locis

331 3144 611 3204 montosis
635 3153 698 3203 et
722 3142 917 3204 arduis
941 3145 1001 3204 in
1023 3143 1206 3225 plana
1227 3144 1615 3205 descendere:
1642 3143 1744 3204 sed
1768 3143 1956 3205 classe
1970 3141 2224 3211 validus,

330 3260 448 3320 qua
477 3239 643 3301 haud
670 3239 849 3300 dubie
872 3241 1050 3301 maris
1075 3241 1379 3323 imperium
1403 3242 1666 3312 tenebat,
1700 3261 1774 3301 ea
1812 3249 1977 3321 parte
2012 3239 2224 3299 virium

327 3336 486 3398 baud
500 3338 758 3418 seg-niter
771 3338 1067 3409 utebatur,
1088 3338 1377 3418 missoque
1394 3339 1604 3398 iterum
1623 3335 1973 3397 Hannibale
1993 3334 2071 3394 ad
2093 3353 2225 3394 vas·

327 3434 570 3496 tandam
614 3432 816 3496 Italiae
860 3453 1045 3506 oram,
1100 3435 1224 3516 ipse
1278 3433 1481 3495 Sicula
1533 3434 1731 3494 littora
1776 3433 2224 3501 circumvectus,
2253 3438 2419 3492 Ζοιιιτ.

392 3705 414 3739 ¹
445 3704 547 3756 Sex
567 3704 1058 3771 ninibumemn]
1078 3701 1134 3756 Si
1156 3719 1248 3755 au·
1311 3711 1539 3769 quatuor
1559 3704 1759 3755 unciis:
1791 3717 1906 3768 qua
1931 3716 1995 3753 ex
2014 3715 2231 3765 propor-

333 3771 410 3822 τοὶ
432 3770 509 3821 illi
545 3784 697 3835 pares
721 3768 869 3820 fuere
895 3770 1109 3835 Atticis,
1131 3785 1248 3821 cum
1314 3772 1453 3821 tione
1473 3768 1820 3834 quindecupla
1834 3767 1944 3818 suri
1961 3768 2025 3815 ad
2048 3780 2230 3829 argen-

333 3840 521 3885 ‘anrens
566 3835 795 3896 Atticus,
836 3841 896 3885 ut
934 3836 1159 3886 diximus
1198 3836 1251 3886 iu
1316 3841 1448 3898 tum,
1472 3849 1626 3900 quam
1660 3842 1786 3885 tunc
1818 3831 2036 3882 Romani
2058 3845 2231 3879 serva·

335 3899 675 3958 Praefnione,
718 3902 934 3952 duarum
986 3899 1255 3952 drachma·
1316 3899 1466 3962 bant,
1489 3909 1549 3950 ut
1582 3899 1776 3950 ibidem
1804 3898 2112 3958 monuimus,
2134 3910 2230 3945 ms·

337 3981 449 4016 rutn
497 3969 697 4030 pondus
743 3972 996 4032 aequaret,
1038 3981 1129 4016 sex
1168 3966 1256 4015 illa
1318 3965 1645 4016 timebuntur
1657 3979 1810 4030 pares
1829 3962 2014 4016 marcis
2029 3961 2231 4025 argenti

336 4045 607 4082 aureorum
651 4029 811 4081 miliia
870 4033 1011 4096 paria
1060 4030 1256 4081 fuerint
1318 4034 1469 4081 2812.
1485 4047 1602 4083 cnm
1624 4028 2033 4096 quatuoritideni
2049 4027 2233 4078 unciis.

338 4100 452 4147 187.
476 4097 659 4148 marcis
672 4097 784 4147 auri
801 4096 1119 4149 nostratibus
1137 4112 1256 4149 cum
1322 4099 1458 4146 Creu.
