3025 4892
996 363 1201 412 mam
1253 361 1360 411 xi.
1404 362 2047 412 survnnmau‘rum.
2450 347 2622 413 1407

410 505 654 565 adortus
670 512 843 575 esset,
869 503 1181 564 recentium
1207 504 1503 584 copiarum
1529 502 1784 564 adventu
1809 524 1848 563 a
1862 514 2026 585 tergo
2051 506 2295 564 circum-

414 603 726 671 veniretur,
768 621 955 660 rerum
979 621 1153 680 supra
1175 619 1337 680 spem
1382 598 1644 660 felicium
1668 620 1935 661 successu
1970 610 2297 672 contentus,

414 699 588 757 motis
626 698 829 757 castris
859 698 967 756 iter
991 697 1110 756 alio
1135 696 1442 758 convertit.
1530 695 1819 776 Digresds
1848 698 2127 770 hostibus,
2166 697 2298 758 Ro-

412 794 571 853 mani
593 813 824 874 quoque
851 792 928 852 ad
950 794 1165 853 tutiora
1182 791 1318 852 loca
1340 813 1403 852 se
1428 802 1787 874 receperunt.

412 928 419 933 ,
492 898 554 952 4.
599 890 926 969 Postquam
970 889 1083 949 ista
1106 889 1367 950 Romam
1394 887 1578 949 allata
1601 899 1755 961 sunt,
1780 891 1966 969 magis
1989 890 2303 968 ignominia.

414 1004 593 1064 quam
618 994 860 1066 accepto
895 985 1239 1045 detrimento
1280 993 1438 1046 mota
1471 985 1680 1046 civitas
1711 986 2109 1047 molestissime
2141 986 2296 1057 tulit,

412 1083 739 1141 temeritate
764 1081 1017 1141 consulis
1038 1082 1334 1154 effectum,
1356 1092 1421 1142 ut
1440 1081 1682 1152 bellum,
1703 1104 1819 1163 quo
1833 1083 2156 1143 diuturnius
2169 1083 2300 1143 nul·

414 1174 536 1236 lum
561 1177 773 1248 fuerat,
798 1198 931 1237 cum
947 1181 1079 1257 jam
1106 1181 1164 1237 in
1189 1182 1355 1239 exitu
1376 1189 1549 1252 emet,
1580 1199 1731 1240 nova
1745 1200 1848 1259 spe
1874 1178 2109 1258 repletis
2130 1178 2300 1241 Sam·

413 1273 619 1333 uitium
645 1275 871 1346 animis,
898 1274 1315 1336 formidabilius
1339 1278 1570 1347 iterum,
1586 1296 1764 1357 quam
1788 1296 1827 1335 a
1851 1275 2023 1354 longo
2040 1284 2300 1355 tempore

411 1368 636 1442 fuiaeet,
661 1381 1070 1432 renasceretur.
1154 1371 1375 1453 Neque
1392 1373 1608 1433 tribuni
1630 1373 1807 1432 modo
1830 1372 2040 1453 plebis,
2056 1391 2300 1451 quorum

414 1466 510 1525 hae
533 1467 779 1548 propriae
802 1476 956 1527 artes
979 1478 1167 1541 erant,
1195 1463 1591 1549 frequentibus
1609 1468 1686 1528 ad
1706 1468 1983 1549 populum
2008 1468 2299 1529 concioni-

417 1562 527 1622 bus
562 1563 782 1623 invidia
806 1572 870 1623 et
890 1563 1024 1624 odio
1048 1574 1265 1625 cuncta
1288 1566 1688 1646 repleverant3
1718 1586 1915 1626 verum
1940 1565 2118 1627 etiam
2145 1563 2299 1644 apud
2359 1570 2459 1618 Liv.
2492 1569 2624 1635 Epir.

416 1658 636 1719 Patres
656 1660 882 1738 agitata
902 1680 963 1719 re
989 1669 1214 1720 atroces
1233 1663 1538 1722 sententiae
1558 1661 1938 1723 dicebantur:
1967 1660 2301 1740 factumque
2327 1650 2455 1749 '‘1¹55‘’
2496 1702 2624 1765 apud
2669 1742 2680 1755 ο

414 1756 976 1816 senatusconsultum
998 1765 1111 1828 est,
1133 1778 1251 1838 quo
1280 1768 1297 1793 ‘
1318 1768 1542 1821 certum
1566 1767 1703 1819 ante
1726 1758 1884 1819 diem
1921 1757 2143 1818 Fabius
2162 1777 2299 1817 cou-
2328 1765 2588 1816 valesium.

415 1853 507 1912 sul
530 1853 607 1913 ad
645 1852 953 1915 dicendam
980 1852 1197 1913 Roma!
1219 1875 1457 1915 causam
1483 1855 1722 1915 adesse'.
1751 1855 2093 1934 jubebatur.
2176 1852 2301 1913 Ve-

415 1951 670 2009 nientem
697 1970 914 2028 magna
936 1950 1026 2009 vis
1050 1960 1455 2012 accusatorum
1482 1952 1693 2014 adorta
1705 1960 1833 2011 est:
1863 1971 2052 2031 neque
2068 1947 2305 2011 defendi

416 2045 640 2106 factum
663 2047 892 2125 quibat,
934 2055 1018 2117 et,
1059 2047 1220 2127 quod
1265 2068 1443 2108 unum
1468 2049 1728 2108 maxime
1759 2048 2029 2130 prodesse
2053 2047 2312 2107 debebat

416 2165 537 2215 reo,
584 2144 761 2205 Fabii
802 2146 957 2205 senis
1001 2147 1215 2224 gratia,
1254 2147 1314 2205 in
1355 2145 1709 2207 contrarium
1746 2154 2018 2207 verterat.
2105 2144 2310 2204 Minus

414 2243 572 2303 enim
600 2242 1012 2320 ignoscendum
1054 2243 1109 2301 ei
1134 2243 1447 2323 putabant,
1475 2245 1577 2323 qui
1623 2264 1662 2303 a
1685 2243 2158 2324 praestantissimo
2182 2242 2306 2301 viro

414 2339 664 2416 genitum,
702 2348 765 2398 et
796 2340 948 2398 inter
981 2347 1258 2419 paternos
1291 2340 1612 2420 triumphos
1650 2339 1956 2410 educatus,
1987 2359 2103 2398 non
2129 2337 2307 2401 modo

417 2433 760 2495 Romanum
808 2455 1042 2505 nomen,
1083 2435 1184 2495 sed
1228 2455 1349 2495 suae
1401 2456 1635 2514 quoque
1680 2436 1926 2495 familiae
1975 2434 2199 2505 laudes,
2246 2445 2308 2495 et

418 2540 620 2609 partas
643 2551 682 2591 a
705 2531 1026 2610 majoribus
1051 2532 1343 2604 victorias,
1363 2552 1467 2612 per
1483 2540 1712 2591 tantam
1737 2530 2183 2611 imprudentiam
2208 2549 2307 2589 ac-

414 2632 593 2706 cepta
612 2626 787 2686 clade
811 2625 1165 2687 foedavisset.
1418 2656 1427 2661 ·

418 2750 429 2759 -
496 2730 558 2781 5.
617 2718 961 2784 Exulcerati
1007 2725 1206 2795 animi,
1257 2728 1327 2783 etv
1364 2724 1759 2785 defensionem
1793 2724 2025 2803 paranti
2069 2742 2167 2781 reo
2208 2722 2309 2781 vix

415 2838 617 2899 aeqnas
640 2839 807 2879 aures
826 2819 1146 2899 praebituri,
1168 2819 1342 2881 Fabii
1365 2821 1548 2901 patris
1567 2821 1777 2898 insigni
1798 2820 2017 2900 pietate
2038 2818 2305 2898 primum,

416 2936 556 2976 mox
581 2917 761 2976 etiam
786 2918 1049 2976 oratione
1078 2917 1245 2977 leniti
1267 2928 1421 2978 sunt.
1507 2918 1573 2978 Is
1598 2920 1754 2978 enim
1770 2919 2007 2987 verituS,
2034 2937 2107 2977 ne
2135 2937 2306 2997 prop-

412 3023 505 3073 tcr
526 3032 648 3072 rem
674 3012 831 3072 male
857 3023 1079 3091 gestam
1099 3012 1256 3073 filius
1277 3016 1355 3074 ab
1381 3016 1639 3075 exercitu
1659 3024 2074 3084 removeretur,
2093 3013 2171 3073 ab
2185 3014 2312 3093 ipsa

416 3110 653 3190 quidem
676 3109 856 3191 culpa
880 3112 1187 3192 purganda
1210 3115 1441 3193 penitus
1479 3116 1762 3178 abstinuit
1782 3137 1798 3184 ;
1848 3116 1951 3176 sed
1976 3135 2084 3175 sua
2107 3124 2169 3174 et
2191 3134 2315 3173 ma-

406 3208 607 3285 jorum
630 3208 840 3268 merita
876 3206 1140 3268 modeste
1166 3226 1651 3282 commemorans,
1699 3222 1716 3248 ‘
1736 3221 1861 3272 tam
1895 3211 2167 3271 acerbam
2200 3211 2312 3270 sibi

403 3304 537 3381 jam
556 3304 705 3375 seni,
732 3313 856 3362 tam
882 3304 1324 3381 ignominiosam
1350 3309 1507 3384 genti
1537 3307 1741 3367 Fabiae
1766 3316 1970 3368 notam
1990 3307 2006 3333 '
2030 3306 2307 3387 depreca-

416 3399 610 3459 batur.
691 3408 710 3435 ‘
735 3397 959 3479 Neque
980 3409 1178 3460 nmen
1203 3423 1265 3461 se
1300 3403 1618 3483 postulare,
1646 3414 1713 3464 nt
1735 3404 1941 3464 ceteris
1965 3412 2056 3462 tot
2082 3402 2303 3473 Fabiis,

384 3498 393 3502 ’
416 3496 521 3575 qui
545 3496 624 3555 ab
648 3495 789 3575 ipsis
821 3516 1000 3576 prope
1045 3498 1202 3557 urbis
1227 3499 1553 3578 primordiis
1580 3501 1918 3560 Romanam
1943 3519 2066 3559 rem
2089 3498 2307 3559 virtute

416 3592 777 3673 consilioque
793 3594 1125 3664 auxissent3
1170 3605 1238 3656 ut
1261 3599 1538 3658 trecentis
1554 3601 1731 3659 etiam
1751 3599 1891 3669 illis,
1908 3599 2009 3677 qui
2034 3595 2303 3676 rempub-

412 3690 594 3750 licam
637 3710 745 3749 sua
786 3699 849 3749 et
880 3699 1112 3750 tantum
1130 3728 1137 3733 =
1154 3712 1270 3752 non
1305 3696 1550 3755 universi
1578 3695 1827 3755 nominis
1853 3694 2026 3753 Fabii
2051 3694 2304 3752 interne-

415 3785 583 3846 cione
608 3786 914 3858 texissent,
933 3807 1090 3847 error
1130 3790 1300 3848 unius
1328 3791 1728 3862 condonetur;
1772 3792 1821 3850 si
1861 3788 2310 3849 immedicabilis

416 3886 518 3946 ille
543 3886 644 3957 sit,
672 3889 979 3966 majusque
1004 3889 1377 3948 commodum
1402 3909 1476 3948 ex
1504 3909 1679 3969 poena
1703 3888 1814 3949 filii
1828 3888 1916 3948 sui
1943 3907 2118 3966 quam
2145 3887 2306 3945 inco·-

416 3983 688 4043 lumitate
707 3992 1121 4063 proventurum
1139 4005 1263 4044 esse
1288 3985 1559 4046 videatur
1581 4007 1595 4045 ε
1626 4007 1688 4045 se
1708 3985 1862 4045 enim
1879 3984 2184 4044 caritatem
2201 4002 2305 4062 pa-

419 4134 600 4177 morat.
663 4126 794 4178 Ideo
818 4128 1027 4179 videtur
1059 4129 1197 4193 patri
1226 4090 1319 4180 Fa·
1402 4130 1664 4180 consulem
1694 4129 1913 4179 alterum
1941 4128 1993 4178 in
2018 4141 2110 4177 sua
2132 4138 2305 4177 narra-

420 4192 521 4256 bio,
573 4207 727 4258 quem
783 4193 1012 4244 Zonaras
1072 4196 1321 4261 appellat,
1404 4196 1545 4246 tione
1567 4194 1915 4259 substituisse.
1951 4195 2091 4242 Cret.
