3025 4892
542 718 2406 945 SUPPLEMEN'TUM·

1168 1082 1443 1149 LIBRI
1504 1083 1732 1191 XIIJ.

1011 1338 1892 1420 HISTORIARUM

667 1581 784 1670 T.
890 1583 1305 1677 LIVII
1402 1587 2218 1682 PATAVINI.

332 2030 392 2082 1.
439 1992 783 2086 INTEREA
820 2026 1036 2087 Romae
1077 2037 1244 2111 parte
1268 2028 1572 2109 copiarum
1598 2025 1676 2087 ad
1714 2025 2053 2108 praesidium
2080 2027 2240 2087 urbis

331 2130 396 2180 et
419 2121 671 2182 incertos
694 2123 835 2183 belli
860 2145 1031 2186 casus
1056 2134 1302 2197 retenta,
1348 2124 1517 2185 novis
1540 2122 1878 2185 consulibus
1895 2131 1919 2159 Υ
1943 2125 2237 2184 exercitus

333 2229 396 2278 et
429 2221 755 2300 provinciae
794 2221 952 2282 datae
977 2232 1149 2282 sunt:
1179 2222 1263 2282 P.
1293 2220 1544 2282 Valerio
1573 2221 1816 2281 Laevino
1841 2219 2147 2280 Tarentini
2174 2231 2238 2282 et

334 2314 628 2396 Pyrrhus,
645 2317 740 2377 Ti.
765 2317 1140 2381 Coruncanio
1158 2319 1391 2380 Etrusci
1406 2318 1551 2379 belli
1568 2318 1833 2399 reliquiae
1849 2319 2231 2379 obvenerunt.

337 2411 612 2474 Laevinus
637 2415 1014 2495 magnificum
1053 2417 1131 2477 ad
1166 2416 1389 2478 famam
1413 2424 1475 2475 et
1497 2426 1773 2476 terrorem
1800 2425 1981 2488 ratus,
2008 2416 2234 2475 hostem
2257 2407 2479 2457 ΖΟΜΜ·

334 2530 371 2569 a
394 2531 456 2570 se
481 2511 819 2577 lacessitum
845 2513 1066 2584 videri:
1096 2514 1268 2575 simul
1294 2512 1439 2574 utile
1463 2513 1720 2583 civitati,
1746 2512 1795 2571 si
1824 2532 2000 2593 quam
2017 2512 2234 2590 longis-

332 2608 477 2669 sime
492 2609 640 2668 belli
652 2620 870 2671 metum
888 2622 950 2672 et
959 2612 1336 2673 incommoda
1351 2612 1429 2671 ab
1446 2630 1589 2689 agro
1608 2608 1892 2669 Romano
1911 2610 2234 2679 avertisset,

331 2705 641 2766 confestim
658 2707 718 2767 in
742 2709 1066 2770 Lucaniam
1093 2718 1256 2772 moto
1274 2709 1563 2778 exercitu,
1579 2706 1886 2767 castellum
1905 2714 2234 2787 opportuno

331 2802 444 2862 situ
472 2806 750 2885 operibus
772 2807 1148 2887 permunivit,
1174 2806 1376 2868 valido
1401 2802 1679 2886 praesidio
1707 2803 2003 2884 imposito,
2031 2823 2151 2882 quo
2174 2812 2238 2863 et

337 2899 563 2981 Pyrrhi
604 2912 801 2984 coepta
848 2903 1238 2975 tardarentur,
1291 2913 1353 2964 et
1404 2901 1656 2975 Lucani,
1698 2920 1943 2983 quorum
1991 2898 2237 2982 perfidia

334 2997 670 3071 timebatur,
714 3000 789 3060 ad
831 3001 1055 3062 hostem
1096 3022 1214 3063 non
1257 3001 1539 3063 auderent
1577 2999 1918 3060 desciscere.
2003 2996 2236 3058 Audito
2288 2990 2420 3041 1²¹⁰&
2440 2990 2489 3039 5¹¹

336 3093 608 3156 Romani
634 3097 892 3159 consulis
917 3099 1196 3171 adventu,
1227 3098 1519 3179 Pyrrhus,
1548 3116 1888 3179 quanquam
1914 3094 2058 3155 socii
2085 3114 2232 3155 non·
2261 3058 2457 3124 Pyrrho,
2481 3058 2563 3106 34.

336 3192 476 3253 dum
503 3205 918 3268 convenerant,
960 3206 1128 3278 turpe
1168 3196 1277 3256 sibi
1305 3204 1365 3255 et
1398 3194 1870 3255 detrimentosum
1909 3191 2038 3252 fore
2066 3191 2235 3271 judi-

334 3310 499 3361 cans,
547 3293 597 3351 si
646 3293 793 3352 inter
836 3293 1155 3375 primordia
1190 3292 1332 3353 belli
1365 3290 1689 3352 formidinis
1730 3289 2009 3350 indicium
2050 3287 2237 3348 ullum

337 3386 638 3459 edidisset,
676 3410 812 3450 cum
846 3392 1056 3471 copiis,
1102 3410 1235 3471 quae
1278 3390 1546 3462 aderant,
1575 3389 1978 3450 incunctanter
2001 3386 2237 3447 obviam

336 3505 668 3565 progressus
699 3496 806 3548 est.

415 3583 479 3647 2.
529 3584 623 3644 Ut
662 3593 859 3644 tamen
904 3604 1008 3666 per
1050 3605 1286 3646 causam
1331 3583 1593 3665 aliquam
1637 3583 1940 3644 honestam
1983 3581 2242 3642 traheret

340 3685 660 3764 negotium,
701 3680 1151 3743 caduceatorem
1192 3683 1349 3742 misit
1392 3701 1524 3743 cum
1571 3681 1773 3753 literis,
1817 3699 2063 3761 quarum
2106 3679 2234 3737 haec
2259 3679 2425 3727 Zonar.

336 3781 630 3842 sententia
652 3778 806 3839 fuit:
849 3788 867 3815 ‘
888 3776 1032 3839 Rex
1059 3778 1333 3861 Pyrrhus
1357 3778 1601 3840 Laevino
1618 3779 1888 3839 salutem.
1942 3774 2149 3836 Audio
2176 3781 2236 3832 te

336 3888 541 3939 contra
572 3876 937 3938 Tarentinos
957 3877 1156 3938 venire
1192 3897 1327 3937 cum
1362 3877 1644 3937 exercitu.
1728 3873 1849 3934 Sed
1873 3894 1945 3933 eo
1970 3870 2235 3940 dimisso,

335 3996 467 4037 cum
520 3975 733 4057 paucis
775 3974 855 4034 ad
894 3994 987 4034 me
1026 3974 1243 4036 venito.
1328 3972 1531 4034 Causa
1573 3973 1728 4033 enim
1773 3971 2032 4049 cognita,
2078 3964 2235 4048 quod

337 4071 549 4137 alteros
573 4072 782 4136 alteris
799 4082 1073 4153 praestare
1093 4091 1323 4151 aequum
1340 4071 1470 4142 erit,
1486 4069 1669 4129 etiam
1684 4068 1949 4131 nolentes
1962 4074 2236 4147 praestare

881 4224 906 4250 '
936 4216 1003 4269 Α.
1025 4216 1094 4270 U.
1118 4216 1177 4268 C.
1198 4220 1314 4268 4⁷2.
1348 4214 1411 4268 Α.
1437 4215 1495 4266 C.
1516 4219 1631 4268 280.
