3025 4892
871 359 1079 409 mani
1131 358 1273 408 ιιι.
1317 357 1964 409 ΒυΡνιΕΜΕΝΤυΜ.
2378 341 2548 407 1431

320 514 521 579 brevis
546 514 605 574 in
632 509 899 572 Siciliam
923 509 1201 588 trajectus
1224 507 1560 568 ostentabat
1583 505 1854 578 insulam,
1871 505 2226 585 Agathoclis

319 614 528 673 excisa
550 611 748 678 domo,
777 627 1024 669 vacuam
1050 615 1112 665 et
1148 603 1508 667 discordem:
1550 624 1730 684 quam
1770 605 1952 665 etiam
1973 604 2223 667 haeredi-

320 709 477 768 tario
491 709 650 786 jure,
682 704 844 786 quod
867 725 945 764 ex
975 704 1235 764 Lanassa
1260 701 1386 763 filia
1413 700 1766 781 Agathoclis
1793 701 2008 762 liberos
2030 722 2222 773 suace-

320 814 515 886 perat,
542 825 663 865 sm
703 803 903 864 domui
930 822 1097 882 posse
1138 800 1425 861 vindicari
1465 800 1720 860 rebatur.
1807 798 1932 859 His
1970 820 2047 860 ex
2091 820 2222 861 sen-

320 903 511 962 tentia
537 900 821 961 confectis
848 899 1266 977 Carthaginem
1290 896 1449 958 bello
1473 905 1602 956 erat
1626 897 1926 978 petiturus.

405 1005 508 1059 19.
556 998 742 1059 Fama
780 1006 871 1056 est
906 995 1178 1066 Cineam,
1204 995 1500 1076 praestanti
1543 994 1833 1074 sapientia
1870 995 2076 1065 virum,
2104 1015 2226 1075 quo

322 1094 670 1157 immodicas
709 1094 861 1172 regis
888 1092 1262 1173 cupiditates,
1295 1102 1675 1173 paratamque
1699 1092 2044 1152 felicitatem
2075 1113 2222 1173 prae-

321 1193 587 1251 sentibus
614 1192 761 1251 bene
788 1189 987 1249 utendi
1012 1191 1363 1259 turbatum,
1390 1189 1572 1269 ipsius
1602 1208 1834 1269 quoque
1865 1188 2225 1251 confessione

321 1286 679 1349 coercendas
709 1307 833 1347 esse
865 1285 1216 1356 ostenderet,
1249 1296 1265 1321 ⁶
1285 1285 1431 1366 quid
1457 1284 1706 1346 devictis
1736 1284 2028 1347 Romanis
2051 1305 2224 1365 agere

319 1384 756 1454 constituisset,’
798 1383 1194 1462 interrogasse.
1276 1382 1486 1463 Atque
1531 1382 1634 1442 illo
1672 1382 1918 1443 subinde
1957 1381 2108 1443 alias
2146 1403 2225 1443 ex

322 1479 458 1543 aliis
492 1468 784 1541 'victorias
828 1481 1149 1545 nascituras
1196 1500 1320 1541 esse
1368 1478 1822 1550 demonstrante,
1872 1480 2224 1559 subjecisse:

326 1586 353 1633 ⁶.
366 1576 538 1646 Quid
562 1578 736 1657 igitur
759 1576 1041 1639 confectis
1064 1577 1188 1641 istis
1207 1578 1473 1641 omnibus
1498 1577 1685 1638 acturi
1707 1578 1943 1639 sumus?
1960 1579 1978 1605 '
2031 1587 2047 1613 ‘
2070 1575 2227 1641 Tum

324 1694 465 1737 vero
496 1676 660 1754 pacis
683 1683 746 1734 et
768 1674 874 1735 otii
900 1674 1069 1735 bonis
1102 1673 1329 1737 affatim
1352 1674 1624 1736 fniitnros
1641 1675 1657 1701 '
1688 1676 2094 1757 respondente,
2119 1696 2226 1736 ex-

324 1772 552 1851 cepisse
580 1771 866 1832 Cineam:
911 1780 928 1808 ·
951 1770 1118 1838 Quid
1146 1772 1319 1850 igitur
1334 1780 1521 1843 vetat,
1547 1791 1586 1831 o
1609 1791 1737 1842 rex,
1763 1772 1906 1851 quin
1932 1772 2128 1833 statim
2157 1774 2228 1833 iis

324 1865 607 1938 fruamur,
635 1888 769 1927 cum
800 1876 1010 1949 praesto
1041 1869 1191 1938 sint;
1237 1869 1404 1928 novis
1428 1877 1625 1929 autem
1649 1868 1822 1929 bellis
1845 1869 2226 1950 suscipiendis

326 1965 617 2045 corrumpi
643 1967 873 2044 penitus
896 1965 1198 2045 emittique
1225 1965 1511 2046 possint‘l’
1556 1964 1680 2025 Sed
1698 1965 1987 2047 Pyrrhus,
2012 1968 2224 2029 iterata
2243 1981 2422 2032 sustin.

327 2060 621 2141 legatione
642 2062 1110 2137 Tarentinorum,
1137 2071 1199 2123 et
1222 2063 1540 2124 ambitione
1563 2084 1670 2123 sua
1693 2064 1906 2133 victus,
1935 2065 2224 2146 ‘patrium
2245 2048 2388 2163 3:1⁶
2387 2116 2421 2163 li
2392 2049 2500 2164 Ἐξ·
2503 2066 2553 2098 ⁰·

326 2159 485 2219 μεθ’
529 2159 882 2240 respondit‘
905 2159 1183 2241 Epirotis,
1214 2181 1331 2222 non
1374 2180 1479 2241 pro
1519 2181 1581 2220 se
1623 2169 1873 2231 tannim,
1900 2159 2005 2221 sed
2041 2162 2284 2226 etiamx
2291 2195 2393 2227 ιιι.

323 2277 433 2337 pro
482 2257 655 2317 sociis
692 2265 756 2317 et
798 2258 1003 2318 amicis
1040 2256 1205 2318 bella
1242 2259 1584 2339 capeoeere!
1666 2256 1946 2319 Ceterum
1975 2258 2227 2338 tegendo

321 2354 584 2413 interiori
622 2354 865 2415 consilio
904 2374 1034 2426 suo,
1059 2374 1194 2414 cum
1236 2352 1445 2433 legatis
1484 2355 1660 2414 anxie
1703 2356 1947 2437 pepigit,
1975 2364 2080 2416 ‘ut
2104 2356 2227 2417 lato

262 2471 269 2475 ·
319 2450 464 2530 ipsis
507 2450 735 2511 auxilio
772 2452 972 2515 statim
1014 2451 1228 2511 rediret
1262 2451 1521 2522 domum,
1564 2472 1753 2533 neque
1778 2452 2023 2524 diutius,
2048 2474 2227 2534 quam
2251 2460 2422 2510 zonn.

320 2564 625 2607 ueceoemn
647 2555 820 2617 esset,
847 2547 924 2607 ab
949 2548 1019 2608 iis
1044 2549 1102 2608 in
1130 2547 1318 2609 Italia
1339 2547 1734 2608 detineretur!

404 2649 510 2703 20.
556 2643 710 2704 Inde
735 2644 1043 2705 confestim
1069 2644 1147 2705 ad
1173 2644 1397 2706 bellum
1424 2644 1827 2725 apparandum
1860 2645 2081 2723 ingenti
2099 2654 2226 2704 stu-
2285 2647 2494 2697 Ptuun·
2519 2647 2552 2694 ¹·

321 2737 424 2800 dio
450 2760 673 2811 versus,
700 2742 935 2803 navium
952 2741 1254 2820 longarum
1269 2760 1546 2820 magnum
1561 2760 1859 2801 numerum
1872 2739 2223 2823 complevit:
2253 2728 2291 2762 ¹·

324 2835 475 2897 alias
502 2846 806 2919 praeterea,
834 2839 1048 2918 quibus
1070 2839 1207 2918 equi
1232 2838 1459 2918 virique
1485 2845 2029 2918 transportat-emm,
2056 2837 2225 2901 ador-

323 2934 526 2993 navit:
589 2933 878 3015 plerisque
918 2933 1241 3014 legatorum
1291 2933 1662 3005 Italicorum,
1705 2955 1825 3015 quo
1871 2936 1983 2995 sub
2031 2936 2226 3019 specie
2251 2941 2420 2990 zonat.

324 3030 563 3095 honoris
585 3033 854 3093 obsidum
877 3035 1067 3095 vicem
1094 3034 1387 3104 retineret,
1414 3033 1473 3092 in
1498 3032 1732 3094 delectu
1760 3033 1989 3112 agendo
2013 3034 2223 3115 copiis-

324 3147 437 3207 qne
462 3128 859 3193 conducendis
882 3151 1038 3201 usus,
1063 3140 1288 3191 ceteros
1311 3150 1444 3190 cum
1468 3130 1653 3190 tribus
1668 3139 2018 3191 armatorum
2041 3130 2224 3190 milli·
2247 3139 2381 3190 Plut-

325 3224 453 3296 bus,
477 3225 684 3287 addito
706 3228 812 3307 qui
835 3236 1105 3307 praeesset
1131 3226 1344 3297 Cinea,
1368 3226 1690 3287 Tarentum
1715 3227 2010 3306 praemisit.
2085 3226 2224 3289 Ho-

326 3342 449 3386 rum
475 3321 737 3385 adventu
775 3344 908 3405 spes
949 3324 1113 3405 pacis
1148 3324 1421 3404 abrupta,
1451 3325 1796 3401 abrogatum
1820 3323 2013 3402 Agidi
2043 3324 2225 3404 impe-

327 3420 493 3492 rium,
520 3428 586 3480 et
609 3422 713 3480 uni
735 3440 956 3492 eorum,
981 3421 1177 3501 quiex
1202 3419 1493 3499 legatione
1520 3419 1834 3491 redierant,
1859 3419 2097 3481 decreto
2123 3442 2227 3501 po-
2253 3415 2422 3466 Zonar.

327 3517 446 3596 puli
472 3516 682 3577 damni
712 3526 819 3577 em.
905 3516 1127 3598 Neque
1166 3517 1354 3578 multo
1396 3526 1532 3597 post
1570 3518 1777 3577 missus
1817 3537 1856 3576 a
1894 3537 2030 3595 rege
2075 3517 2231 3577 Milo

326 3611 706 3674 Tarentinam
749 3633 945 3675 arcem
984 3612 1241 3674 firmavit
1282 3613 1574 3693 praesidio,
1601 3632 2006 3693 murorumque
2036 3622 2229 3675 custo-

328 3708 483 3771 diam
509 3719 573 3770 et
596 3710 849 3773 tutelam
870 3711 981 3771 sibi
1006 3710 1385 3792 depoposcit:
1427 3709 1757 3789 gtamlante
1785 3711 2054 3790 imperita
2077 3708 2227 3770 mul-

328 3806 597 3877 titudine,
626 3807 789 3887 quod
813 3828 994 3889 penes
1022 3808 1351 3889 penegrines
1376 3808 1707 3869 molestiam
1733 3815 1797 3868 et
1825 3807 2056 3869 labores
2079 3826 2226 3877 esse,

327 3903 436 3963 sibi
474 3904 664 3964 otium
702 3924 843 3964 cum
878 3905 1189 3965 securitate
1228 3904 1498 3966 relictum
1538 3904 1952 3965 existimabat:
1996 3921 2228 3964 annona

328 3999 497 4078 igitur
517 4000 824 4073 militibus,
852 4001 1100 4082 pecnnia
1127 4001 1387 4083 Pyrrho,
1415 4001 1689 4063 alacriter
1710 4000 1966 4063 decreta.

405 4102 505 4157 21.
575 4095 820 4159 Interea
861 4097 933 4158 L.
977 4097 1255 4158 AEmilius
1302 4099 1666 4161 transmarini
1715 4098 1918 4160 militis
1969 4095 2224 4157 adventu
2279 4132 2500 4183 Frontin.

331 4194 585 4275 cognito,
645 4216 766 4276 quo
816 4197 1124 4258 tutioribus
1169 4196 1315 4259 locis
1360 4197 1737 4278 hybemaret,
1788 4195 2109 4270 exereitum
2161 4192 2219 4250 in
2245 4196 2389 4247 διαὶ·
2411 4214 2449 4247 1·
2469 4203 2521 4250 4·
