3025 4892
859 402 1069 453 usar
1121 402 1296 454 xix.
1339 399 1987 454 eurrneunwruu.
2360 381 2533 450 1507

304 556 556 632 poterat,
596 556 899 628 totamque
943 546 1124 608 ferme
1167 544 1435 608 Siciliam
1477 544 1704 607 ditione
1748 552 1854 608 aut
1897 541 2210 616 foederibus
2296 547 2314 566 ⁶

303 645 825 729 complectebatur.
897 642 1019 706 Sed
1045 664 1237 725 neque
1258 643 1526 705 consules
1548 645 1679 724 ejus
1704 644 1844 706 anni
1870 639 2207 723 placebant,

306 763 498 824 neque
535 742 833 804 consulari
874 743 1139 826 imperio,
1173 740 1336 823 quod
1374 741 1470 802 isti
1515 748 1816 804 contemtu
1862 738 2210 822 relig-ionum

307 840 733 921 profanassent,
760 843 925 920 (nam
949 852 1011 900 et
1036 839 1108 902 L.
1132 838 1347 900 Junius
1369 848 1576 901 contra
1601 839 1865 920 auspicia
1904 837 2210 916 navigasse
2268 839 2375 891 eie.
2391 839 2455 889 de

305 936 665 1015 diceb-tun)
703 958 795 999 res
828 936 1145 1024 putabatur
1178 936 1431 998 feliciter
1470 937 1592 1017 geri
1634 955 1822 1017 pisse.
1907 934 2100 1014 Igitur
2133 930 2212 1008 ad
2235 904 2523 1022 ff‘sssst‘ffi

307 1053 429 1094 rem
474 1055 687 1096 novam
726 1043 789 1095 et
830 1034 1166 1096 inusitatam
1209 1043 1471 1106 ventum,
1500 1034 1587 1094 uti
1622 1033 1876 1094 dictator
1898 1031 2211 1106 diceretur,
2237 1037 2543 1087 Divinae.

308 1133 412 1211 qui
440 1133 501 1192 in
528 1131 797 1194 Siciliam
822 1133 956 1205 iret,
982 1151 1120 1192 cnm
1144 1131 1223 1191 ad
1246 1151 1379 1193 eam
1404 1131 1566 1193 diem
1585 1139 1757 1194 extra
1778 1128 2023 1194 Italiam
2042 1150 2214 1196 nemo
2237 1112 2372 1218 ἓξ·
2394 1105 2458 1152 ⁸⁸

309 1250 383 1291 ea
406 1237 698 1312 potestate
726 1228 1005 1310 praeditus
1025 1231 1351 1290 exercitum
1373 1228 1662 1290 duxisset.
2199 1293 2206 1300 ,
2242 1248 2361 1284 xxx.

390 1334 493 1389 29.
538 1327 702 1388 Mira
744 1348 818 1388 eo
856 1337 1118 1409 tempore
1158 1337 1222 1389 et
1265 1348 1447 1410 prope
1494 1326 1852 1388 incredibilis
1891 1325 1976 1387 P.
2015 1324 2217 1388 Clodii

311 1424 567 1486 consulis
590 1424 901 1486 insolentia
924 1424 1074 1485 fuit:
1107 1428 1308 1505 jussus
1333 1446 1372 1486 a
1395 1434 1602 1487 senatu
1628 1424 1974 1486 dictatorem
1999 1423 2219 1498 dicere,
2274 1432 2408 1482 Suet.
2430 1431 2483 1480 iu

311 1529 599 1603 tanquam
625 1543 833 1604 parum
859 1524 919 1583 in
946 1524 1200 1606 patriam
1217 1522 1564 1604 deliquisset
1583 1531 1763 1584 tantoe
1784 1521 1974 1584 cladis
1993 1529 2219 1595 auctor,
2242 1497 2355 1547 'm''
2377 1513 2425 1549 ⁰·
2447 1501 2498 1547 ²·

314 1620 422 1679 nisi
459 1619 809 1699 dignitatem
850 1621 1031 1681 etiam
1058 1622 1287 1703 imperii
1315 1620 1676 1682 contumelia
1697 1629 1760 1681 et
1782 1619 1976 1682 derisu
2020 1638 2221 1694 macu-

313 1716 485 1790 laret,
516 1716 612 1777 M.
640 1716 963 1778 Claudium
1007 1716 1269 1782 Gliciam
1309 1718 1488 1791 dixit,
1515 1718 1768 1780 scribam
1809 1727 1915 1780 aut
1936 1717 2224 1782 viatorem
2249 1727 2382 1779 Fasti
2392 1726 2556 1792 capit.

313 1834 504 1878 snum.
586 1814 743 1876 Tum
783 1836 922 1876 vero
953 1823 1158 1876 coorta
1180 1815 1392 1878 merito
1416 1817 1478 1876 in
1504 1837 1642 1877 eum
1667 1814 2070 1895 indignatione
2096 1834 2223 1874 om·
2250 1794 2551 1910 pag-²¹³²·

315 1912 502 1985 nium,
528 1921 770 1973 coactus
807 1911 1107 1984 abdicare,
1144 1932 1217 1973 ac
1257 1913 1317 1974 in
1360 1913 1568 1996 populi
1595 1913 1894 1993 judicium
1934 1911 2228 1973 adductus
2252 1925 2368 1975 Not.
2383 1922 2539 1974 Dour.

314 2017 424 2071 est.
496 2009 978 2070 condemnatum
1003 2018 1292 2083 auctores,
1319 2033 1468 2092 quos
1494 2012 1713 2073 Cicero
1736 2011 1914 2084 vidit,
1940 2009 2225 2071 retulere:
2251 1989 2387 2107 ἀνῇ
2410 1989 2558 2104 31¹¹„

313 2106 417 2167 ned
461 2105 625 2189 apud
653 2105 803 2167 alios
831 2116 1178 2168 annotatum
1207 2117 1318 2181 est,
1345 2109 1537 2184 illum,
1564 2108 1724 2170 hand
1751 2109 1935 2170 dubia
1948 2110 2083 2188 jam
2122 2127 2231 2189 po-
2256 2088 2508 2173 vmslnt.

316 2204 443 2286 puli
468 2203 798 2276 voluntate,
818 2224 961 2266 casu
985 2214 1249 2286 ereptum
1273 2228 1399 2268 esse
1425 2208 1748 2268 imminenti
1759 2209 1818 2242 ²0
1841 2205 2228 2276 damnationi,

314 2322 455 2362 cnm
492 2302 691 2363 subito
730 2311 966 2364 coortus
1002 2303 1188 2364 imber
1210 2305 1456 2365 comitia
1478 2303 1839 2364 diremisset:
1881 2313 2008 2364 tum
2047 2303 2226 2371 enirn,
2274 2346 2280 2352 -

317 2399 487 2460 velut
533 2400 917 2479 quaestionem
963 2400 1473 2484 interpellantibus
1517 2397 1674 2473 Diis,
1728 2399 1907 2461 aliam
1950 2399 2230 2477 deinceps

318 2496 548 2558 institui
592 2517 711 2557 non
757 2496 1068 2577 placuisse.
1174 2497 1457 2559 Ceterum
1505 2496 1760 2569 Glicias,
1804 2495 1966 2578 quod
2006 2494 2230 2556 ultimae
2289 2499 2394 2552 Liv-
2425 2497 2562 2563 Erit.

317 2595 491 2655 sortis
527 2594 822 2659 hominem
863 2597 927 2655 in
969 2597 1231 2656 maximo
1274 2597 1519 2677 imperio
1556 2595 1816 2676 conspici
1855 2592 2048 2676 pudor
2083 2591 2227 2652 civi·
2258 2580 2378 2616 ¹¹¹·
2635 2661 2640 2666 ‚

320 2692 462 2752 tatis
501 2712 619 2752 non
659 2692 908 2764 ferebat,
951 2701 1192 2753 coactus
1231 2691 1534 2766 abdicare,
1577 2691 1750 2752 ludos
1787 2699 1985 2751 tamen
2027 2697 2231 2771 postea
2258 2695 2388 2748 ruti
2402 2693 2564 2760 Capit.

324 2797 709 2868 praetextatus
732 2790 1043 2872 spectavit.
1125 2788 1201 2850 In
1227 2791 1357 2869 ejus
1382 2790 1579 2851 locum
1608 2789 1862 2849 dictator
1886 2795 2120 2848 creatus
2145 2794 2235 2846 est

326 2885 413 2946 A.
454 2886 685 2946 Atilius
720 2886 807 2946 A.
848 2887 921 2947 F.
962 2887 1038 2948 C.
1074 2886 1164 2949 N.
1209 2886 1544 2960 Calatinus,
1586 2886 1857 2969 dixitque
1899 2885 2235 2965 magistrum

327 2984 594 3065 equimm
620 2984 691 3046 L.
721 2985 1030 3046 omnium
1059 2986 1130 3046 L.
1160 2986 1232 3047 Ρ.
1262 2986 1337 3046 c,
1368 2984 1458 3046 N.
1488 2985 1829 3057 Metellum,
1856 2985 1960 3067 qui
1988 2983 2066 3043 de
2093 2982 2235 3042 Poe-
2261 2960 2428 3079 425⁰·
2453 2972 2550 3010 *¹¹-

330 3082 421 3142 nis
462 3083 946 3163 triumphaverat.
1029 3081 1124 3142 Hi
1147 3083 1397 3166 profecti
1431 3083 1670 3164 quidem
1696 3092 1834 3144 sunt
1858 3084 1916 3141 in
1945 3080 2234 3154 Siciliam,
2263 3094 2430 3142 Ζοιιιτ.

327 3178 432 3239 sed
458 3198 584 3240 rem
609 3180 1046 3241 memorabilem
1074 3179 1298 3241 nullam
1324 3191 1644 3261 gesserunt.
2267 3156 2460 3271 ¹¹32}-
2482 3219 2534 3268 in

411 3283 513 3337 30.
559 3276 800 3337 Interea
844 3277 915 3337 L.
955 3276 1170 3337 Junins
1210 3280 1422 3339 anxius
1462 3299 1653 3340 rerum
1694 3297 1953 3348 suarum,
1986 3284 2049 3336 et
2088 3294 2236 3334 nau·
2264 3285 2573 3337 OnaCatul.

330 3372 505 3453 fngii
546 3373 785 3455 culpam
824 3375 1062 3453 egregio
1106 3373 1365 3435 facinore
1411 3375 1650 3436 abolere
1681 3374 1955 3460 studens,
1997 3392 2133 3434 cum
2177 3371 2236 3429 in
2263 3353 2434 3419 9⁰¹5b·
2449 3355 2571 3400 ’Μ’

333 3490 535 3530 omnes
575 3471 911 3531 occasiones
952 3470 1208 3532 intentus
1242 3481 1415 3545 esset,
1448 3472 1663 3552 Erycis
1687 3469 2018 3553 occupandi
2057 3469 2238 3540 viam,
2301 3479 2569 3533 ninam.

335 3567 667 3646 proditione
710 3575 995 3627 nocturna
1037 3569 1426 3648 quorundam,
1454 3590 1605 3650 quos
1642 3569 1815 3630 donis
1849 3578 1912 3629 et
1952 3565 2243 3650 promissis
2268 3550 2306 3601 ¹·
2327 3564 2480 3597 '‘¹¹¹'’

334 3683 469 3724 suos
495 3664 740 3736 fecerat,
767 3665 1008 3724 invenit.
1094 3665 1267 3745 Eryx
1294 3685 1461 3726 mons
1484 3676 1575 3726 est
1601 3666 1823 3728 Siciliae
1849 3676 1983 3747 post
2001 3664 2243 3723 AEtnam
2269 3679 2442 3744 Polyb.

337 3760 710 3833 editissimas,
732 3762 793 3821 in
817 3783 892 3822 ea
916 3770 1081 3842 parte
1110 3762 1313 3822 insulae
1341 3784 1475 3844 quae
1504 3763 1748 3824 Italiam
1772 3763 2029 3844 respicit,
2050 3759 2246 3819 medio

340 3857 519 3918 ferme
560 3862 713 3919 inter
750 3858 1035 3940 Drepana
1060 3869 1122 3919 et
1148 3860 1522 3921 Panormum
1546 3861 1684 3932 situ,
1714 3860 1817 3920 sed
1844 3860 1922 3919 ab
1949 3857 2054 3917 illa
2079 3863 2246 3936 parte

342 3957 635 4037 asperior-‚⁸
717 3954 793 4015 In
837 3957 1053 4015 vertice
1089 3956 1395 4037 planitiem
1423 3958 1606 4018 habet
1630 3978 1765 4018 cum
1790 3955 2013 4036 templo
2039 3952 2243 4014 Vene-

2377 1137 2512 1234 Epic.

406 4115 469 4162 20
503 4112 638 4164 Edd.
659 4121 782 4163 ante
805 4113 1038 4164 Crevier.
1060 4115 1303 4166 eminenti.

1125 4241 1473 4265 &mom

410 4327 425 4357 ‘
455 4325 552 4377 Sed
570 4326 630 4377 ab
654 4327 736 4378 iu«
765 4332 904 4392 parte
924 4326 1161 4393 asperior]
1186 4325 1271 4378 Ab
1306 4342 1367 4380 ea
1402 4335 1556 4394 parte
1592 4342 1709 4394 quae
1737 4332 1945 4393 spectat
1986 4325 2249 4392 Drepana,
