3025 4892
1063 338 1206 390 mn.
1254 338 1491 390 xxm.
1538 342 1702 391 cn.
1745 326 1856 392 34.
2305 363 2318 375 ·
2371 326 2543 394 1961

356 483 597 543 terram
626 478 879 562 egressi
909 487 1085 546 sunt.
1174 481 1342 547 Inde
1372 503 1490 568 per
1526 483 1846 569 Apuliam
1879 481 2176 567 petentes
2205 485 2538 570 Capuam,

351 580 570 644 media
614 582 683 644 in
727 581 1044 663 praesidia
1074 582 1384 651 Romana
1424 587 1592 651 illati
1624 592 1817 668 sunt3
1872 585 2277 670 deductique
2305 588 2394 653 ad
2438 588 2537 653 M.

349 678 693 745 Valerium
741 682 1089 749 Laevinum
1119 696 1492 769 praetorem,
1523 689 1700 752 circa
1731 688 2135 752 Luceriam4
2160 694 2385 754 castra
2414 689 2535 754 ha·

346 782 639 847 beutem.
730 784 839 849 Ibi
870 785 1200 870 intrepide
1233 787 1698 872 Xenophanes
1726 788 2086 871 legationis
2124 790 2460 874 princeps,
2491 810 2535 856 a

346 881 671 968 Philippo
714 905 867 968 rege
899 905 974 951 se
1003 889 1304 967 missum,
1337 891 1459 967 ait,
1491 890 1578 954 ad
1611 890 1977 955 amicitiam
2009 892 2535 976 societatemque

331 983 742 1067 ,iungendam
772 1007 926 1052 cum
956 989 1208 1073 populo
1242 990 1598 1072 Roman03
1640 990 1959 1057 mandata
1985 992 2229 1058 habere
2259 994 2342 1058 ad
2375 1013 2531 1059 con-

342 1084 526 1150 sules
569 1106 652 1153 ac
697 1095 1003 1153 senatum
1047 1093 1508 1175 populumque
1554 1093 1959 1158 Romanum.
2050 1094 2335 1172 Praetor,
2363 1096 2532 1160 inter

341 1185 757 1254 defectiones
802 1196 1093 1256 veterum
1140 1192 1475 1258 sociorum
1525 1213 1701 1260 nova
1750 1195 2075 1260 societate
2097 1205 2120 1244 ⁵
2174 1204 2310 1260 tam
2365 1197 2530 1261 clari

336 1288 517 1370 regis
561 1289 755 1355 laetus
788 1289 1176 1372 admodum,
1208 1283 1445 1358 hostes
1483 1314 1605 1378 pro
1636 1294 2062 1379 hospitibus⁶
2101 1298 2386 1363 comiter
2414 1317 2528 1362 ac-

335 1391 544 1472 cepit.
631 1392 793 1470 Dat,
823 1393 938 1476 qui
982 1400 1487 1477 prosequantur,
1522 1396 1806 1461 itinera⁷
1853 1415 2007 1462 cum
2052 1417 2214 1462 cura
2256 1397 2528 1463 demon-

335 1496 569 1572 strent,
595 1513 748 1577 quse
786 1495 939 1559 loca
976 1514 1281 1579 quosque
1325 1497 1539 1561 saltus
1578 1503 1695 1563 aut
1726 1497 2073 1563 Romanus
2095 1499 2120 1538 ⁸
2151 1504 2270 1564 aut
2298 1499 2524 1566 hostes

333 1601 623 1661 teneant.
712 1595 1174 1680 Xenophanes
1226 1616 1345 1680 per
1393 1598 1710 1680 praesidia
1760 1598 2074 1664 Romana
2115 1600 2182 1664 in
2231 1598 2522 1685 Campa-

329 1695 541 1774 niam,
572 1696 746 1776 inde,
776 1718 915 1782 qua
955 1699 1331 1783 proximum
1373 1699 1524 1776 fuit,
1551 1701 1623 1763 in
1666 1706 1890 1765 castra
1921 1700 2329 1766 Hannibalis
2371 1722 2521 1785 per-

329 1800 537 1876 venit,
559 1799 921 1884 foedusque
942 1820 1096 1866 cum
1120 1818 1199 1863 eo
1222 1806 1430 1883 atque
1452 1801 1807 1867 amicitiam
1829 1801 2060 1886 junxit
2087 1803 2341 1885 legibus
2370 1803 2516 1872 his:

326 1905 350 1934 ‘
382 1909 503 1965 ut⁹
547 1901 905 1986 Philippus
943 1922 1064 1967 rex
1109 1921 1311 1986 quam
1341 1904 1639 1968 maxima
1666 1904 1892 1969 classe
1917 1903 2265 1981 (ducentas
2292 1912 2519 1970 antem

324 1995 536 2069 naves
567 2004 918 2071 videbatur
947 2005 1321 2083 effecturus)
1350 2004 1416 2067 iu
1446 2004 1719 2069 Italiam
1748 2005 2097 2089 trajiceret,
2127 2010 2193 2070 et
2221 2015 2518 2072 vastaret

323 2106 720 2172 maritimam
762 2128 980 2173 oram:
1026 2106 1274 2172 bellum
1320 2126 1445 2190 pro
1490 2111 1679 2189 parte
1722 2125 1847 2170 sua
1876 2113 2047 2170 terra
2076 2107 2376 2189 marique
2403 2128 2513 2189 ge-

323 2216 514 2273 reret.
603 2207 740 2274 Ubi
784 2209 1184 2274 debellatum
1227 2214 1433 2286 esset,
1462 2207 1673 2273 Italia
1716 2209 1931 2272 omnis
1970 2228 2120 2273 cum
2149 2210 2306 2291 ipsa
2351 2211 2512 2274 urbe

322 2307 553 2374 Roma
583 2307 1219 2393 Carthaginiensium
1248 2317 1447 2393 atque
1478 2308 1885 2374 Hannibalis
1915 2316 2117 2386 esset,
2145 2308 2513 2393 praedaque

321 2413 542 2477 omnis
571 2411 936 2478 Hannibali
968 2411 1252 2477 cederet.
1343 2409 1731 2474 Perdomita
1772 2410 1997 2488 Italia,
2025 2411 2413 2494 navigarent
2440 2413 2512 2477 in

318 2512 679 2591 Graeeiam,
706 2503 1107 2598 bellumque,
1140 2534 1293 2579 cum
1338 2514 1585 2597 quibus
1623 2513 1890 2595 regibus
1912 2520 1967 2552 ¹⁰
2010 2512 2355 2596 placeret,‘
2396 2533 2509 2594 ge-

314 2620 551 2679 rerent.
624 2614 798 2696 Quae
828 2617 1139 2681 civitates
1167 2614 1594 2693 continentis,
1616 2632 1769 2697 quae
1795 2613 2034 2680 insulae
2063 2614 2149 2679 ad
2181 2614 2509 2680 Macedo·

311 2718 496 2781 niam
529 2724 828 2802 vergunt,
859 2738 960 2784 eae
993 2717 1296 2803 Philippi
1325 2717 1646 2800 regnique
1682 2716 1836 2801 ejus
1867 2714 2132 2783 essent.’

399 2816 512 2883 34.
558 2818 641 2883 In
678 2818 802 2884 has
844 2817 1045 2884 ferme
1095 2817 1276 2901 leges
1320 2818 1489 2882 inter
1520 2816 1810 2882 Poenum
1841 2816 2079 2883 ducem
2116 2818 2505 2904 legatosque

312 2918 767 2985 Macedonum
799 2923 1004 2990 ictum
1033 2918 1279 2999 foedae,
1308 2918 1630 3002 missique
1658 2938 1808 2984 cum
1846 2919 1933 2984 iis
1964 2919 2050 2984 ad
2078 2920 2256 3003 regis
2285 2920 2501 3004 ipsius

311 3023 702 3090 firmandam
748 3023 944 3089 fidem
993 3023 1222 3107 legati,
1253 3022 1468 3106 Gisgo
1512 3029 1583 3088 et
1628 3022 1871 3087 Bostar
1908 3029 1977 3088 et
2007 3021 2241 3107 Mago,
2268 3022 2502 3089 eodem

1209 3203 1573 3226 mOOOOmOO

298 3341 531 3403 pera—4
564 3335 844 3388 ‘Lu-eiiam
866 3335 1041 3400 recepi
1066 3349 1131 3385 ex
1152 3337 1358 3389 emend.
1379 3338 1499 3389 VV.
1535 3339 1660 3388 DD.
1697 3350 1849 3400 qnam
1882 3333 2051 3384 firmat
2083 3334 2237 3398 impr.
2262 3349 2381 3399 cap.
2411 3341 2496 3387 48.

304 3403 567 3455 Nuces-ian
587 3404 669 3452 vel
704 3403 983 3453 Numeriam
1016 3401 1142 3451 Mu.
1175 3408 1230 3451 et
1252 3401 1387 3452 Edd.
1451 3402 1558 3452 Sed
1582 3409 1857 3463 utrumqne
1880 3401 1946 3448 ab
1969 3400 2017 3449 h.
2039 3400 2073 3448 Ι.
2099 3400 2355 3451 alienum?
2388 3401 2495 3452 Ru·

297 3473 523 3533 perte-6
558 3468 764 3531 ‘Vulgo
790 3470 840 3516 in
868 3465 1000 3516 Edd.
1036 3466 1269 3517 omnibns
1294 3467 1431 3517 Inter
1462 3466 1557 3525 defi
1589 3471 1685 3516 eet.
1720 3465 1969 3524 sociorum,
1992 3463 2366 3529 Valerianum
2398 3479 2496 3516 mc.

300 3532 496 3582 omisso
522 3532 724 3582 nomine
750 3532 959 3591 Proem,
980 3528 1259 3596 additoque
1284 3531 1494 3595 proprio
1525 3529 1707 3579 Valerii
1725 3529 1946 3584 nomine,
1970 3527 2106 3591 qnod
2129 3541 2277 3590 paene
2298 3527 2368 3578 ab
2385 3542 2493 3577 om-

298 3597 475 3659 nibns,
510 3604 656 3647 certe
690 3597 755 3647 ab
793 3595 1003 3658 optimis
1035 3596 1164 3644 Mas.
1201 3595 1362 3646 abest.
1420 3595 1631 3655 Fra-tor,
1656 3592 1792 3654 qnod
1818 3599 1989 3641 tamen
2016 3593 2065 3638 in
2090 3592 2346 3640 nonnullis
2368 3592 2494 3641 Mu.

300 3669 473 3722 extat,
494 3662 691 3710 excidit
711 3660 1029 3725 negligentia
1061 3660 1384 3710 librariorum
1418 3666 1539 3722 post
1561 3659 1627 3709 P.
1649 3656 1731 3706 R)
1767 3656 2066 3706 Stroth—6
2097 3653 2183 3704 ΑΙ.
2203 3656 2382 3705 huten·
2399 3671 2489 3719 pro

298 3726 600 3789 hospita—7
635 3726 722 3776 ΑΙ.
762 3726 1141 3788 itineraque.—8
1178 3724 1259 3775 ΑΙ.
1293 3730 1379 3773 ant
1418 3722 1739 3773 Romana-9
1775 3724 1792 3750 ‘
1818 3722 1883 3771 Ut
1922 3735 1955 3769 a
2001 3720 2219 3781 pessima
2260 3720 2488 3771 omnium

296 3790 607 3847 editionum.
628 3792 841 3841 Gruteri
864 3803 1072 3853 nempe,
1097 3789 1279 3840 abest?
1313 3789 1633 3840 Stroth—10
1667 3785 1820 3835 Malit
1835 3785 1889 3837 J.
1907 3785 1966 3833 F.
1986 3783 2353 3847 Gronovmegi,
2376 3793 2432 3835 et
2453 3799 2484 3836 e

296 3855 598 3910 melioribus
620 3855 752 3905 Mes.
772 3869 965 3918 quaque
985 3856 1170 3905 mula.
1236 3854 1343 3904 Pro
1366 3857 1568 3915 vergunt
1587 3850 1727 3914 conj.
1751 3850 1973 3914 Rupert.
1991 3853 2256 3911 verger-em.

1285 4009 1499 4061 No‘rAE
1529 3995 1538 4004 ’

364 4127 383 4159 ⁸
413 4127 533 4176 Cum
563 4127 730 4190 quibas
766 4125 958 4189 regibus
994 4123 1220 4189 placeret]
1251 4124 1350 4173 Ae·
1431 4120 1519 4169 lma
1561 4117 1669 4181 regi
1707 4119 1958 4182 phzceret.·
2018 4117 2088 4165 Et
2130 4118 2284 4182 paulo
2329 4114 2482 4179 infra,

293 4203 495 4254 sentior
517 4203 782 4254 Gronovio
815 4200 1086 4265 scribenti,
1117 4213 1222 4250 cm
1241 4199 1348 4264 qni·
1426 4210 1620 4262 queque
1639 4194 1806 4244 insula
1825 4196 1889 4244 ad
1910 4193 2239 4248 Macedonian
2259 4197 2479 4258 corgam.
