3025 4892
476 349 650 417 1396
1268 364 1327 417 s.
1378 367 1886 419 rasinsnsmr

479 517 654 577 fuerit
676 515 945 581 definias.
1027 517 1247 599 Neque
1280 520 1436 579 enim
1467 540 1675 600 parum
1701 519 1891 580 fallax
1923 526 1986 580 et
2009 519 2332 580 obnoxium
2358 519 2534 581 errori
2560 528 2670 591 est,

478 613 920 696 amplitudinem
946 617 1183 697 Regum
1223 637 1301 677 ex
1342 636 1533 677 rerum
1572 627 1865 696 gestarum
1904 628 2149 677 externo
2187 617 2492 699 splendore
2519 618 2674 677 arbi·

477 710 635 770 trari.
722 710 889 773 Nam
922 713 1027 773 has
1059 714 1162 794 qui
1186 713 1342 774 solas
1383 714 1719 794 respiciunt,
1745 735 1847 777 eos
1889 714 1966 774 ad
1993 735 2132 774 vera
2146 714 2379 792 judicia
2403 715 2676 774 caecutire

477 826 774 868 necessum
799 819 909 870 est.
992 809 1211 870 Evenit
1252 811 1409 870 enim
1450 810 1740 870 interdum
1777 811 1834 870 in
1869 810 1958 870 his
1981 829 2115 891 quae
2146 820 2358 870 terram
2387 810 2678 870 illustrant

364 930 375 939 ο
476 903 780 976 sideribus,
809 926 924 965 non
965 926 1130 966 secus
1170 916 1347 987 atque
1390 907 1448 965 in
1488 902 1935 977 coelestibus,'ut
1974 907 2094 966 alia
2130 909 2359 986 majora
2393 908 2529 979 sint,
2557 908 2678 967 alia

477 999 803 1063 videantur.
909 1002 1053 1063 Hoc
1106 1013 1302 1064 tamen
1369 1012 1636 1085 apparet,
1691 1024 1794 1084 per
1855 1003 2004 1064 duos
2057 1005 2313 1067 maxime
2366 1004 2676 1085 Principes

478 1116 709 1157 omnem
737 1099 910 1177 hujus
936 1099 1137 1180 Regni
1161 1100 1407 1180 gloriam
1432 1101 1719 1162 extollere
1756 1100 1953 1161 Deum
1983 1102 2371 1172 constituisse,
2400 1101 2677 1161 GUSTA-

479 1209 629 1264 vum
677 1196 1039 1268 Macrum,
1067 1207 1130 1257 et
1162 1198 1638 1260 cums-ritum
1683 1196 2008 1259 GusTAvr
2055 1200 2340 1283 Frpmu.
2426 1199 2547 1261 Sed
2590 1199 2677 1259 illi

476 1290 712 1368 quidem
760 1291 1005 1353 bellicas
1058 1295 1243 1373 magis
1290 1295 1536 1355 virtutes
1577 1295 1878 1366 tribuerat,
1922 1305 1986 1355 ut
2031 1302 2249 1367 tamen,
2298 1298 2528 1377 quoties
2575 1317 2677 1377 per

476 1385 637 1446 bella
689 1398 903 1468 posset,
947 1389 1298 1450 domesticas
1347 1411 1581 1471 quoque
1618 1412 1710 1451 res
1751 1393 2181 1453 accuratissime
2221 1393 2674 1473 peritissimeque

477 1490 771 1544 tractaret.
852 1485 940 1544 Te
981 1507 1142 1556 vero,
1193 1485 1526 1557 DoulNA,
1571 1488 1849 1568 quoniam
1893 1488 1970 1548 ad
2017 1491 2207 1567 majus
2246 1509 2414 1569 opus,
2467 1508 2675 1569 pacem

478 1577 754 1639 videlicet
819 1581 1232 1655 reducendam,
1283 1582 1719 1655 stabiliendam,
1773 1585 2193 1665 perornandam
2244 1586 2537 1654 servabat,
2589 1585 2675 1645 sic

474 1676 771 1749 instruxit,
815 1689 882 1738 ut
925 1680 1014 1739 his
1058 1681 1235 1742 tantis
1275 1682 1448 1743 rebus
1488 1703 1644 1742 esses
1684 1683 1873 1742 modis
1913 1683 2183 1743 omnibus
2223 1683 2558 1764 aptissima;
2613 1691 2675 1742 et

477 1772 871 1847 nihilominus,
899 1777 1089 1837 donec
1128 1778 1468 1840 bellandum
1511 1780 1645 1852 fuit,
1675 1780 1815 1840 nihil
1860 1782 2034 1840 etiam
2078 1781 2135 1840 in
2172 1781 2283 1841 isto
2325 1780 2558 1860 negotio
2596 1779 2673 1839 ad

474 1889 759 1931 summam
787 1870 1021 1934 laudem
1052 1874 1366 1936 desiderari
1398 1878 1457 1937 in
1487 1877 1578 1937 Te
1614 1888 1898 1959 paterere.
1982 1878 2137 1938 Cum
2169 1878 2326 1939 enim
2351 1878 2410 1938 in
2434 1897 2676 1959 corpore

474 1966 549 2025 sit
589 1969 910 2041 minimum,
938 1992 1140 2032 omnes
1170 1992 1258 2032 eae
1299 1974 1563 2046 virtutes,
1596 1975 1809 2055 quibus
1847 1994 2201 2034 summorum
2244 1974 2673 2056 Imperatorum

475 2063 652 2123 animi
679 2077 1007 2140 censentur,
1032 2069 1169 2128 Tibi
1194 2069 1563 2151 superfuere;
1606 2070 1909 2131 consilium
1936 2071 1994 2130 in
2020 2070 2233 2142 dubiis,
2260 2070 2590 2132 constantia
2613 2070 2674 2131 in

476 2159 753 2237 adversis,
782 2165 1106 2227 moderatio
1132 2168 1191 2227 in
1218 2168 1527 2249 prosperis,
1555 2168 1745 2240 labor,
1761 2168 2093 2250 prudentia,
2121 2166 2268 2229 fides
2297 2169 2356 2228 in
2381 2168 2673 2229 omnibus.

476 2255 579 2318 Ita
603 2258 825 2321 facmm
850 2272 960 2335 est,
988 2274 1054 2325 ut
1088 2285 1193 2346 per
1217 2264 1432 2326 multas
1461 2286 1535 2326 ac
1574 2265 1827 2326 illustres
1865 2266 2159 2335 victorias,
2190 2266 2375 2346 primo
2400 2265 2563 2345 regni
2587 2263 2675 2324 tui

474 2374 650 2427 anno,
678 2378 813 2419 cum
858 2359 1072 2422 Daniae
1104 2383 1262 2443 rege,
1303 2372 1537 2443 quarto,
1569 2382 1704 2423 cum
1747 2362 2107 2443 Imperatore
2148 2360 2428 2422 Romano
2467 2380 2673 2441 pwem

476 2449 646 2532 longe
713 2456 1179 2536 gloriosissimam
1243 2471 1305 2521 et
1371 2460 1737 2521 utilissimam
1785 2458 1923 2518 Tibi
1972 2454 2233 2538 Tuisque
2282 2477 2673 2537 comparares.

477 2548 679 2616 Quam
720 2556 934 2635 quibus
970 2578 1255 2619 exornare
1300 2557 1490 2619 modis
1532 2556 1866 2628 institueris,
1894 2555 2027 2636 quis
2056 2563 2238 2635 queat
2260 2554 2320 2613 in
2343 2563 2674 2613 mecum

476 2645 713 2709 dicere?
796 2651 1142 2716 Nominabo
1182 2665 1379 2717 tamen
1409 2654 1641 2715 Urbem
1681 2663 2058 2723 crescentem,
2084 2650 2305 2732 oppida
2334 2651 2670 2720 constituta,

463 2744 756 2820 justitiam
797 2749 1111 2823 firmatam,
1142 2751 1401 2813 levatum
1440 2752 1714 2812 oneribus
1752 2749 2057 2831 populum,
2084 2768 2273 2809 mores
2310 2747 2671 2818 emendatos,

473 2840 794 2903 studiorum
849 2846 1123 2908 honorem
1174 2857 1237 2908 et
1290 2848 1515 2908 fructus
1571 2856 1797 2918 auctos,
1850 2844 2238 2927 locupletatas
2289 2844 2670 2914 Academias,

474 2948 670 3000 erecta
707 2940 1058 3022 Gymnasia,
1088 2953 1475 3006 mercaturam
1502 2942 1976 3014 invalescentem,
2002 2940 2241 3024 opificia
2266 2941 2454 3002 multa
2474 2960 2677 3003 recens

474 3034 826 3110 introducta,
872 3061 1075 3120 agrum
1098 3040 1296 3123 'supra
1334 3050 1593 3103 veterem
1632 3040 2066 3122 simplicitatem
2105 3039 2428 3110 excultum,
2469 3057 2674 3098 curam

472 3133 665 3199 Tuam
693 3138 769 3198 ad
797 3140 1275 3202 commoditatem
1308 3141 1602 3211 itinerum,
1633 3139 2065 3201 demensionem
2092 3140 2340 3207 viarum,
2376 3145 2673 3197 construc-

473 3234 689 3296 tionem
741 3238 1208 3312 diversoriorum,
1251 3241 1504 3321 denique
1556 3227 1634 3300 ad
1686 3257 1759 3299 ea
1800 3237 1997 3298 omnia
2036 3255 2168 3317 quae
2209 3234 2494 3304 videmus,
2537 3253 2673 3314 quae

473 3334 772 3406 sentimus,
822 3357 1069 3417 quorum
1111 3338 1365 3400 utilitate
1410 3338 1674 3410 fruimur,
1718 3335 2042 3418 prolatam:
2111 3341 2179 3393 ut
2223 3332 2429 3392 merito
2469 3332 2677 3392 beatos

475 3428 668 3490 dicere
731 3434 944 3513 possim
1015 3434 1329 3516 populares
1393 3434 1528 3495 illos
1599 3454 1759 3493 meos
1831 3430 2168 3491 Germania
2232 3427 2500 3510 populos,
2570 3428 2674 3508 qui

472 3523 608 3587 Tua
648 3529 757 3588 sub
807 3529 995 3591 nitela
1037 3533 1095 3591 in
1139 3541 1432 3613 posterum
1480 3531 1873 3611 acquiescent.
1958 3526 2127 3594 Quos
2167 3546 2395 3587 mecum
2437 3536 2500 3587 et
2537 3546 2673 3586 cum

478 3625 757 3686 universis
816 3628 1064 3689 subditis
1130 3629 1275 3690 Tuis
1325 3630 1410 3690 sic
1467 3629 1802 3690 existimare
1858 3625 2055 3694 velim,
2102 3624 2338 3705 propitii
2387 3633 2492 3684 aut
2540 3624 2675 3683 irati

482 3720 618 3781 Dm
664 3743 780 3782 non
822 3734 1040 3786 temere
1080 3727 1305 3806 signum
1346 3728 1564 3787 certius
1613 3726 1914 3786 habituros
1958 3742 2104 3793 esse,
2149 3740 2328 3802 quam
2371 3731 2543 3802 prout
2583 3720 2674 3780 Te

478 3817 657 3879 talem
715 3819 1061 3904 Principem
1101 3822 1269 3885 tarde
1311 3824 1651 3886 celeriterve
1695 3821 1840 3881 Tuis
1881 3819 2119 3879 adimet.
2228 3818 2411 3886 Quod
2451 3820 2500 3878 si
2541 3820 2672 3899 qui-

480 3915 619 3975 dam
662 3917 757 3977 vel
802 3920 1033 3980 miseria
1074 3904 1351 4001 praeteriti
1372 3920 1669 4001 temporis
1708 3916 1909 3978 oculos
1951 3915 2217 3976 attollere
2249 3936 2364 3975 non
2398 3918 2543 3986 ausi,
2574 3915 2672 3975 vel

477 4013 714 4092 objectu
770 4018 1191 4079 nubeculamm
1245 4019 1533 4101 impediti,
1589 4036 1851 4077 serenum
1907 4013 2053 4074 illud
2120 4013 2279 4073 sidus
2330 4014 2560 4083 intueri,
2613 4022 2677 4073 et

478 4111 789 4174 exhilarari
818 4126 1056 4197 aspectu
1089 4118 1236 4195 ejus,
1270 4117 1632 4195 refoverique
1664 4113 1858 4175 calore
1893 4111 2150 4173 nondum
2183 4119 2528 4192 potuerunt;
2570 4130 2673 4172 eos

480 4210 618 4270 laeta
644 4222 705 4271 et
727 4224 933 4294 optata
973 4216 1170 4275 omnia
1211 4235 1285 4274 ex
1326 4213 1651 4294 propinquo
1691 4230 1945 4291 sperare,
1977 4228 2090 4268 non
2119 4203 2456 4286 magnitudo
2481 4205 2669 4267 solum
