<?xml version="1.0" encoding="UTF-8"?>
<!DOCTYPE html PUBLIC "-//W3C//DTD XHTML 1.0 Transitional//EN"
    "http://www.w3.org/TR/xhtml1/DTD/xhtml1-transitional.dtd">
<html xmlns="http://www.w3.org/1999/xhtml" xml:lang="en" lang="en">
 <head>
  <title>
</title>
<meta http-equiv="Content-Type" content="text/html;charset=utf-8" />
  <meta name='ocr-system' content='tesseract 3.04.00' />
  <meta name='ocr-capabilities' content='ocr_page ocr_carea ocr_par ocr_line ocrx_word'/>
</head>
<body>
  <div class='ocr_page' id='page_1' title='image "./tliviipatavinih04unkngoog_0041.png"; bbox 0 0 3025 4892; ppageno 0'>
   <div class='ocr_carea' id='block_1_1' title="bbox 2067 0 2815 5">
    <p class='ocr_par' dir='ltr' id='par_1_1' title="bbox 2067 0 2815 5">
     <span class='ocr_line' id='line_1_1' title="bbox 2067 0 2815 5; baseline 0 0"><span class='ocrx_word' id='word_1_1' title='bbox 2067 0 2815 5; x_wconf 95' lang='lat' dir='ltr'><strong> </strong></span> 
     </span>
    </p>
   </div>
   <div class='ocr_carea' id='block_1_2' title="bbox 518 732 2404 926">
    <p class='ocr_par' dir='ltr' id='par_1_2' title="bbox 518 732 2404 926">
     <span class='ocr_line' id='line_1_2' title="bbox 518 732 2404 926; baseline -0.003 -1"><span class='ocrx_word' id='word_1_2' title='bbox 518 732 2404 926; x_wconf 81' lang='lat' dir='ltr'>SUPPLEMENTUM</span> 
     </span>
    </p>
   </div>
   <div class='ocr_carea' id='block_1_3' title="bbox 1208 1096 1719 1165">
    <p class='ocr_par' dir='ltr' id='par_1_3' title="bbox 1208 1096 1719 1165">
     <span class='ocr_line' id='line_1_3' title="bbox 1208 1096 1719 1165; baseline -0.006 -1"><span class='ocrx_word' id='word_1_3' title='bbox 1208 1096 1479 1165; x_wconf 86' lang='lat' dir='ltr'><strong>LIBRI</strong></span> <span class='ocrx_word' id='word_1_4' title='bbox 1537 1096 1719 1164; x_wconf 87' lang='lat' dir='ltr'>XII.</span> 
     </span>
    </p>
   </div>
   <div class='ocr_carea' id='block_1_4' title="bbox 1028 1334 1903 1419">
    <p class='ocr_par' dir='ltr' id='par_1_4' title="bbox 1028 1334 1903 1419">
     <span class='ocr_line' id='line_1_4' title="bbox 1028 1334 1903 1419; baseline -0.009 0"><span class='ocrx_word' id='word_1_5' title='bbox 1028 1334 1903 1419; x_wconf 75' lang='lat' dir='ltr'>HISTORIARUM</span> 
     </span>
    </p>
   </div>
   <div class='ocr_carea' id='block_1_5' title="bbox 670 1548 2258 1676">
    <p class='ocr_par' dir='ltr' id='par_1_5' title="bbox 670 1548 2258 1676">
     <span class='ocr_line' id='line_1_5' title="bbox 670 1548 2258 1676; baseline -0.009 1"><span class='ocrx_word' id='word_1_6' title='bbox 670 1586 790 1676; x_wconf 90' lang='lat' dir='ltr'><strong>T.</strong></span> <span class='ocrx_word' id='word_1_7' title='bbox 916 1586 1328 1675; x_wconf 78' lang='lat' dir='ltr'><strong>leu</strong></span> <span class='ocrx_word' id='word_1_8' title='bbox 1450 1548 2258 1672; x_wconf 68' lang='lat' dir='ltr'><strong>PATAVINI.</strong></span> 
     </span>
    </p>
   </div>
   <div class='ocr_carea' id='block_1_6' title="bbox 1203 1873 1736 1886">
    <p class='ocr_par' dir='ltr' id='par_1_6' title="bbox 1203 1873 1736 1886">
     <span class='ocr_line' id='line_1_6' title="bbox 1203 1873 1736 1886; baseline 0 3006"><span class='ocrx_word' id='word_1_9' title='bbox 1203 1873 1736 1886; x_wconf 95' lang='lat' dir='ltr'><strong> </strong></span> 
     </span>
    </p>
   </div>
   <div class='ocr_carea' id='block_1_7' title="bbox 352 2082 2251 2176">
    <p class='ocr_par' dir='ltr' id='par_1_7' title="bbox 352 2082 2251 2176">
     <span class='ocr_line' id='line_1_7' title="bbox 352 2082 2251 2176; baseline -0.006 -7"><span class='ocrx_word' id='word_1_10' title='bbox 352 2115 414 2170; x_wconf 91' lang='lat'><strong>1.</strong></span> <span class='ocrx_word' id='word_1_11' title='bbox 461 2082 582 2170; x_wconf 81' lang='lat' dir='ltr'><strong>P·</strong></span> <span class='ocrx_word' id='word_1_12' title='bbox 607 2105 982 2167; x_wconf 69' lang='lat' dir='ltr'><strong>Conmzmo</strong></span> <span class='ocrx_word' id='word_1_13' title='bbox 1030 2105 1482 2176; x_wconf 66' lang='lat' dir='ltr'><strong>Dominum,</strong></span> <span class='ocrx_word' id='word_1_14' title='bbox 1528 2105 1642 2166; x_wconf 85' lang='lat' dir='ltr'><strong>Cn.</strong></span> <span class='ocrx_word' id='word_1_15' title='bbox 1692 2103 1956 2165; x_wconf 83' lang='lat' dir='ltr'><strong>Domitio</strong></span> <span class='ocrx_word' id='word_1_16' title='bbox 1999 2098 2251 2160; x_wconf 83' lang='lat' dir='ltr'><strong>Calvino</strong></span> 
     </span>
    </p>
   </div>
   <div class='ocr_carea' id='block_1_8' title="bbox 353 2168 2579 2284">
    <p class='ocr_par' dir='ltr' id='par_1_8' title="bbox 353 2168 2579 2284">
     <span class='ocr_line' id='line_1_8' title="bbox 353 2168 2579 2284; baseline -0.01 -16"><span class='ocrx_word' id='word_1_17' title='bbox 353 2205 735 2274; x_wconf 83' lang='lat' dir='ltr'><strong>consulibus‚⁰</strong></span> <span class='ocrx_word' id='word_1_18' title='bbox 760 2223 896 2264; x_wconf 90' lang='lat' dir='ltr'><strong>cum</strong></span> <span class='ocrx_word' id='word_1_19' title='bbox 918 2203 1123 2263; x_wconf 87' lang='lat' dir='ltr'><strong>iterum</strong></span> <span class='ocrx_word' id='word_1_20' title='bbox 1143 2202 1367 2263; x_wconf 80' lang='lat' dir='ltr'><strong>Gallici</strong></span> <span class='ocrx_word' id='word_1_21' title='bbox 1383 2203 1525 2263; x_wconf 85' lang='lat' dir='ltr'><strong>belli</strong></span> <span class='ocrx_word' id='word_1_22' title='bbox 1542 2212 1720 2263; x_wconf 84' lang='lat' dir='ltr'><strong>terror</strong></span> <span class='ocrx_word' id='word_1_23' title='bbox 1736 2222 1796 2261; x_wconf 86' lang='lat' dir='ltr'><strong>se</strong></span> <span class='ocrx_word' id='word_1_24' title='bbox 1822 2197 2251 2265; x_wconf 76' lang='lat' dir='ltr'><strong>commovisset,</strong></span> <span class='ocrx_word' id='word_1_25' title='bbox 2275 2168 2447 2284; x_wconf 43' lang='grc' dir='ltr'><strong>ἐπ’</strong></span> <span class='ocrx_word' id='word_1_26' title='bbox 2492 2180 2579 2214; x_wconf 87' lang='lat'><strong>¹¹¹·</strong></span> 
     </span>
    </p>
   </div>
   <div class='ocr_carea' id='block_1_9' title="bbox 354 2292 2551 2413">
    <p class='ocr_par' dir='ltr' id='par_1_9' title="bbox 354 2292 2551 2413">
     <span class='ocr_line' id='line_1_9' title="bbox 354 2292 2551 2413; baseline -0.009 -51"><span class='ocrx_word' id='word_1_27' title='bbox 354 2302 688 2383; x_wconf 88' lang='lat' dir='ltr'><strong>multosque</strong></span> <span class='ocrx_word' id='word_1_28' title='bbox 715 2299 1038 2361; x_wconf 77' lang='lat' dir='ltr'><strong>Tuscorum</strong></span> <span class='ocrx_word' id='word_1_29' title='bbox 1064 2320 1228 2359; x_wconf 86' lang='lat' dir='ltr'><strong>arma</strong></span> <span class='ocrx_word' id='word_1_30' title='bbox 1251 2320 1385 2360; x_wconf 89' lang='lat' dir='ltr'><strong>cum</strong></span> <span class='ocrx_word' id='word_1_31' title='bbox 1413 2299 1742 2360; x_wconf 74' lang='lat' dir='ltr'><strong>Senonibus</strong></span> <span class='ocrx_word' id='word_1_32' title='bbox 1772 2297 1992 2358; x_wconf 85' lang='lat' dir='ltr'><strong>sociare</strong></span> <span class='ocrx_word' id='word_1_33' title='bbox 2020 2292 2250 2353; x_wconf 86' lang='lat' dir='ltr'><strong>nuntia-</strong></span> <span class='ocrx_word' id='word_1_34' title='bbox 2278 2298 2551 2413; x_wconf 41' lang='lat' dir='ltr'><strong>sensatim.</strong></span> 
     </span>
     <span class='ocr_line' id='line_1_10' title="bbox 2341 2380 2370 2411; baseline 0 0"><span class='ocrx_word' id='word_1_35' title='bbox 2341 2380 2370 2411; x_wconf 89' lang='grc'><strong>0</strong></span> 
     </span>
    </p>
   </div>
   <div class='ocr_carea' id='block_1_10' title="bbox 224 2378 2576 2493">
    <p class='ocr_par' dir='ltr' id='par_1_10' title="bbox 224 2378 2576 2493">
     <span class='ocr_line' id='line_1_11' title="bbox 224 2378 2576 2493; baseline 0 -42"><span class='ocrx_word' id='word_1_36' title='bbox 224 2412 231 2417; x_wconf 89' lang='grc'><em>·</em></span> <span class='ocrx_word' id='word_1_37' title='bbox 352 2407 534 2469; x_wconf 78' lang='lat' dir='ltr'><strong>retur,</strong></span> <span class='ocrx_word' id='word_1_38' title='bbox 586 2397 996 2457; x_wconf 84' lang='lat' dir='ltr'><strong>Arretinorum</strong></span> <span class='ocrx_word' id='word_1_39' title='bbox 1048 2396 1368 2477; x_wconf 87' lang='lat' dir='ltr'><strong>periculum</strong></span> <span class='ocrx_word' id='word_1_40' title='bbox 1410 2397 1522 2457; x_wconf 83' lang='lat' dir='ltr'><strong>sibi</strong></span> <span class='ocrx_word' id='word_1_41' title='bbox 1565 2396 1798 2456; x_wconf 88' lang='lat' dir='ltr'><strong>minime</strong></span> <span class='ocrx_word' id='word_1_42' title='bbox 1842 2387 2251 2471; x_wconf 82' lang='lat' dir='ltr'><strong>negligendum</strong></span> <span class='ocrx_word' id='word_1_43' title='bbox 2308 2378 2477 2493; x_wconf 44' lang='lat' dir='ltr'><strong>Pola..</strong></span> <span class='ocrx_word' id='word_1_44' title='bbox 2491 2440 2532 2474; x_wconf 60' lang='grc' dir='ltr'>Π</span> <span class='ocrx_word' id='word_1_45' title='bbox 2538 2441 2576 2472; x_wconf 61' lang='lat'><strong>1,</strong></span> 
     </span>
    </p>
   </div>
   <div class='ocr_carea' id='block_1_11' title="bbox 352 2488 2578 4211">
    <p class='ocr_par' dir='ltr' id='par_1_11' title="bbox 352 2488 2578 4031">
     <span class='ocr_line' id='line_1_12' title="bbox 352 2488 2359 2576; baseline -0.007 -19"><span class='ocrx_word' id='word_1_46' title='bbox 352 2517 481 2557; x_wconf 68' lang='lat' dir='ltr'><strong>eoee</strong></span> <span class='ocrx_word' id='word_1_47' title='bbox 522 2496 741 2556; x_wconf 81' lang='lat' dir='ltr'><strong>Patres</strong></span> <span class='ocrx_word' id='word_1_48' title='bbox 775 2504 1136 2556; x_wconf 79' lang='lat' dir='ltr'><strong>censuerunt.</strong></span> <span class='ocrx_word' id='word_1_49' title='bbox 1221 2495 1341 2555; x_wconf 85' lang='lat' dir='ltr'><strong>Sed</strong></span> <span class='ocrx_word' id='word_1_50' title='bbox 1391 2496 1533 2576; x_wconf 86' lang='lat' dir='ltr'><strong>quia</strong></span> <span class='ocrx_word' id='word_1_51' title='bbox 1574 2514 1764 2574; x_wconf 86' lang='lat' dir='ltr'><strong>neque</strong></span> <span class='ocrx_word' id='word_1_52' title='bbox 1811 2488 2133 2552; x_wconf 75' lang='lat' dir='ltr'><strong>Dolabella</strong></span> <span class='ocrx_word' id='word_1_53' title='bbox 2172 2506 2249 2546; x_wconf 86' lang='lat' dir='ltr'><strong>ex</strong></span> <span class='ocrx_word' id='word_1_54' title='bbox 2279 2498 2359 2544; x_wconf 77' lang='grc' dir='ltr'><strong>ιο.</strong></span> 
     </span>
     <span class='ocr_line' id='line_1_13' title="bbox 354 2582 2249 2672; baseline -0.007 -18"><span class='ocrx_word' id='word_1_55' title='bbox 354 2591 718 2653; x_wconf 81' lang='lat' dir='ltr'><strong>Volsiniensi</strong></span> <span class='ocrx_word' id='word_1_56' title='bbox 762 2612 923 2671; x_wconf 76' lang='lat' dir='ltr'><strong>agro,</strong></span> <span class='ocrx_word' id='word_1_57' title='bbox 952 2612 1140 2672; x_wconf 88' lang='lat' dir='ltr'><strong>neque</strong></span> <span class='ocrx_word' id='word_1_58' title='bbox 1184 2612 1263 2652; x_wconf 84' lang='lat' dir='ltr'><strong>ex</strong></span> <span class='ocrx_word' id='word_1_59' title='bbox 1297 2592 1559 2653; x_wconf 82' lang='lat' dir='ltr'><strong>Lucania</strong></span> <span class='ocrx_word' id='word_1_60' title='bbox 1593 2589 1890 2651; x_wconf 83' lang='lat' dir='ltr'><strong>Domitius</strong></span> <span class='ocrx_word' id='word_1_61' title='bbox 1913 2584 2095 2646; x_wconf 82' lang='lat' dir='ltr'><strong>exciri</strong></span> <span class='ocrx_word' id='word_1_62' title='bbox 2126 2582 2249 2642; x_wconf 86' lang='lat' dir='ltr'><strong>sine</strong></span> 
     </span>
     <span class='ocr_line' id='line_1_14' title="bbox 352 2679 2252 2770; baseline -0.007 -20"><span class='ocrx_word' id='word_1_63' title='bbox 352 2710 549 2751; x_wconf 88' lang='lat' dir='ltr'><strong>rerum</strong></span> <span class='ocrx_word' id='word_1_64' title='bbox 601 2689 980 2770; x_wconf 80' lang='lat' dir='ltr'><strong>gerendarum</strong></span> <span class='ocrx_word' id='word_1_65' title='bbox 1023 2689 1388 2750; x_wconf 85' lang='lat' dir='ltr'><strong>incommodo</strong></span> <span class='ocrx_word' id='word_1_66' title='bbox 1450 2696 1721 2770; x_wconf 77' lang='lat' dir='ltr'><strong>poterant</strong></span> <span class='ocrx_word' id='word_1_67' title='bbox 1746 2708 1763 2757; x_wconf 85' lang='lat'>;</span> <span class='ocrx_word' id='word_1_68' title='bbox 1828 2685 1896 2745; x_wconf 88' lang='lat' dir='ltr'><strong>L.</strong></span> <span class='ocrx_word' id='word_1_69' title='bbox 1943 2679 2252 2742; x_wconf 64' lang='lat' dir='ltr'><strong>Caecilium</strong></span> 
     </span>
     <span class='ocr_line' id='line_1_15' title="bbox 358 2779 2252 2867; baseline -0.007 -20"><span class='ocrx_word' id='word_1_70' title='bbox 358 2786 676 2847; x_wconf 81' lang='lat' dir='ltr'><strong>Metellum</strong></span> <span class='ocrx_word' id='word_1_71' title='bbox 706 2786 908 2867; x_wconf 88' lang='lat' dir='ltr'><strong>prioris</strong></span> <span class='ocrx_word' id='word_1_72' title='bbox 937 2787 1074 2846; x_wconf 84' lang='lat' dir='ltr'><strong>anni</strong></span> <span class='ocrx_word' id='word_1_73' title='bbox 1103 2785 1424 2857; x_wconf 86' lang='lat' dir='ltr'><strong>consulem,</strong></span> <span class='ocrx_word' id='word_1_74' title='bbox 1452 2794 1577 2847; x_wconf 89' lang='lat' dir='ltr'><strong>tum</strong></span> <span class='ocrx_word' id='word_1_75' title='bbox 1608 2792 1863 2866; x_wconf 78' lang='lat' dir='ltr'><strong>praetura</strong></span> <span class='ocrx_word' id='word_1_76' title='bbox 1892 2779 2252 2858; x_wconf 77' lang='lat' dir='ltr'><strong>fungentem,</strong></span> 
     </span>
     <span class='ocr_line' id='line_1_16' title="bbox 354 2856 2577 2973; baseline -0.006 -30"><span class='ocrx_word' id='word_1_77' title='bbox 354 2882 437 2943; x_wconf 74' lang='lat' dir='ltr'><strong>ad</strong></span> <span class='ocrx_word' id='word_1_78' title='bbox 486 2882 798 2943; x_wconf 79' lang='lat' dir='ltr'><strong>Arretinos</strong></span> <span class='ocrx_word' id='word_1_79' title='bbox 849 2882 1148 2943; x_wconf 84' lang='lat' dir='ltr'><strong>obsidione</strong></span> <span class='ocrx_word' id='word_1_80' title='bbox 1190 2881 1521 2943; x_wconf 86' lang='lat' dir='ltr'><strong>liberandos</strong></span> <span class='ocrx_word' id='word_1_81' title='bbox 1560 2880 1988 2963; x_wconf 75' lang='lat' dir='ltr'><strong>quamprimum</strong></span> <span class='ocrx_word' id='word_1_82' title='bbox 2033 2872 2254 2936; x_wconf 80' lang='lat' dir='ltr'><strong>coactis</strong></span> <span class='ocrx_word' id='word_1_83' title='bbox 2278 2858 2418 2973; x_wconf 45' lang='grc' dir='ltr'><strong>ἐπ”·</strong></span> <span class='ocrx_word' id='word_1_84' title='bbox 2448 2856 2577 2922; x_wconf 82' lang='lat' dir='ltr'><strong>Epit.</strong></span> 
     </span>
     <span class='ocr_line' id='line_1_17' title="bbox 353 2979 2447 3061; baseline -0.005 -21"><span class='ocrx_word' id='word_1_85' title='bbox 353 2980 545 3061; x_wconf 89' lang='lat' dir='ltr'><strong>copiis</strong></span> <span class='ocrx_word' id='word_1_86' title='bbox 597 2980 757 3039; x_wconf 81' lang='lat' dir='ltr'><strong>exire</strong></span> <span class='ocrx_word' id='word_1_87' title='bbox 798 2988 1032 3040; x_wconf 87' lang='lat' dir='ltr'><strong>senatus</strong></span> <span class='ocrx_word' id='word_1_88' title='bbox 1069 2979 1266 3059; x_wconf 85' lang='lat' dir='ltr'><strong>jussit.</strong></span> <span class='ocrx_word' id='word_1_89' title='bbox 1352 2979 1457 3040; x_wconf 91' lang='lat' dir='ltr'><strong>Ne</strong></span> <span class='ocrx_word' id='word_1_90' title='bbox 1503 2988 1701 3040; x_wconf 82' lang='lat' dir='ltr'><strong>tamen</strong></span> <span class='ocrx_word' id='word_1_91' title='bbox 1743 2986 1958 3037; x_wconf 84' lang='lat' dir='ltr'><strong>temere</strong></span> <span class='ocrx_word' id='word_1_92' title='bbox 1998 2979 2253 3035; x_wconf 71' lang='lat' dir='ltr'><strong>sumtum</strong></span> <span class='ocrx_word' id='word_1_93' title='bbox 2277 2989 2447 3055; x_wconf 74' lang='lat' dir='ltr'><strong>Polyb.</strong></span> 
     </span>
     <span class='ocr_line' id='line_1_18' title="bbox 354 3068 2252 3159; baseline -0.006 -22"><span class='ocrx_word' id='word_1_94' title='bbox 354 3097 484 3137; x_wconf 78' lang='lat' dir='ltr'><strong>esse</strong></span> <span class='ocrx_word' id='word_1_95' title='bbox 511 3074 735 3137; x_wconf 88' lang='lat' dir='ltr'><strong>bellum</strong></span> <span class='ocrx_word' id='word_1_96' title='bbox 760 3076 1074 3149; x_wconf 85' lang='lat' dir='ltr'><strong>videretur,</strong></span> <span class='ocrx_word' id='word_1_97' title='bbox 1103 3078 1377 3159; x_wconf 81' lang='lat' dir='ltr'><strong>praemitti</strong></span> <span class='ocrx_word' id='word_1_98' title='bbox 1416 3077 1643 3156; x_wconf 80' lang='lat' dir='ltr'><strong>legatos</strong></span> <span class='ocrx_word' id='word_1_99' title='bbox 1680 3074 1928 3156; x_wconf 81' lang='lat' dir='ltr'><strong>placuit,</strong></span> <span class='ocrx_word' id='word_1_100' title='bbox 1954 3068 2252 3131; x_wconf 87' lang='lat' dir='ltr'><strong>nuntiatu-</strong></span> 
     </span>
     <span class='ocr_line' id='line_1_19' title="bbox 356 3153 2530 3267; baseline -0.006 -33"><span class='ocrx_word' id='word_1_101' title='bbox 356 3194 454 3234; x_wconf 85' lang='lat' dir='ltr'><strong>ros</strong></span> <span class='ocrx_word' id='word_1_102' title='bbox 482 3183 501 3209; x_wconf 88' lang='lat'>‘</span> <span class='ocrx_word' id='word_1_103' title='bbox 522 3173 826 3233; x_wconf 88' lang='lat' dir='ltr'><strong>Arretium</strong></span> <span class='ocrx_word' id='word_1_104' title='bbox 853 3175 910 3233; x_wconf 88' lang='lat' dir='ltr'><strong>in</strong></span> <span class='ocrx_word' id='word_1_105' title='bbox 938 3173 1056 3234; x_wconf 89' lang='lat' dir='ltr'><strong>fide</strong></span> <span class='ocrx_word' id='word_1_106' title='bbox 1084 3173 1489 3236; x_wconf 86' lang='lat' dir='ltr'><strong>Romanorum</strong></span> <span class='ocrx_word' id='word_1_107' title='bbox 1515 3192 1675 3234; x_wconf 77' lang='lat' dir='ltr'><strong>esse:</strong></span> <span class='ocrx_word' id='word_1_108' title='bbox 1705 3170 2038 3252; x_wconf 87' lang='lat' dir='ltr'><strong>justiusque</strong></span> <span class='ocrx_word' id='word_1_109' title='bbox 2062 3164 2253 3225; x_wconf 77' lang='lat' dir='ltr'><strong>factu-</strong></span> <span class='ocrx_word' id='word_1_110' title='bbox 2311 3153 2530 3267; x_wconf 54' lang='grc' dir='ltr'><strong>Ᾱῑίξῑὲὓυὶ</strong></span> 
     </span>
     <span class='ocr_line' id='line_1_20' title="bbox 358 3234 2578 3351; baseline -0.005 -21"><span class='ocrx_word' id='word_1_111' title='bbox 358 3291 454 3330; x_wconf 87' lang='lat' dir='ltr'><strong>ros</strong></span> <span class='ocrx_word' id='word_1_112' title='bbox 504 3269 693 3332; x_wconf 79' lang='lat' dir='ltr'><strong>videri</strong></span> <span class='ocrx_word' id='word_1_113' title='bbox 740 3269 974 3342; x_wconf 81' lang='lat' dir='ltr'><strong>Gallos,</strong></span> <span class='ocrx_word' id='word_1_114' title='bbox 1028 3271 1264 3351; x_wconf 82' lang='lat' dir='ltr'><strong>quando</strong></span> <span class='ocrx_word' id='word_1_115' title='bbox 1304 3270 1493 3332; x_wconf 79' lang='lat' dir='ltr'><strong>foedus</strong></span> <span class='ocrx_word' id='word_1_116' title='bbox 1532 3290 1666 3331; x_wconf 88' lang='lat' dir='ltr'><strong>cum</strong></span> <span class='ocrx_word' id='word_1_117' title='bbox 1714 3268 1993 3329; x_wconf 84' lang='lat' dir='ltr'><strong>Romano</strong></span> <span class='ocrx_word' id='word_1_118' title='bbox 2036 3259 2256 3343; x_wconf 90' lang='lat' dir='ltr'><strong>populo</strong></span> <span class='ocrx_word' id='word_1_119' title='bbox 2279 3236 2440 3336; x_wconf 46' lang='grc' dir='ltr'><strong>ἵζω,</strong></span> <span class='ocrx_word' id='word_1_120' title='bbox 2534 3234 2578 3264; x_wconf 83' lang='lat' dir='ltr'><strong>v.</strong></span> 
     </span>
     <span class='ocr_line' id='line_1_21' title="bbox 359 3366 2256 3448; baseline -0.006 -20"><span class='ocrx_word' id='word_1_121' title='bbox 359 3366 643 3439; x_wconf 72' lang='lat' dir='ltr'><strong>habeant,</strong></span> <span class='ocrx_word' id='word_1_122' title='bbox 668 3367 717 3426; x_wconf 87' lang='lat' dir='ltr'><strong>si</strong></span> <span class='ocrx_word' id='word_1_123' title='bbox 748 3367 1024 3428; x_wconf 81' lang='lat' dir='ltr'><strong>adversus</strong></span> <span class='ocrx_word' id='word_1_124' title='bbox 1043 3367 1262 3429; x_wconf 85' lang='lat' dir='ltr'><strong>amicos</strong></span> <span class='ocrx_word' id='word_1_125' title='bbox 1286 3377 1464 3448; x_wconf 86' lang='lat' dir='ltr'><strong>atque</strong></span> <span class='ocrx_word' id='word_1_126' title='bbox 1487 3367 1676 3431; x_wconf 87' lang='lat' dir='ltr'><strong>socios</strong></span> <span class='ocrx_word' id='word_1_127' title='bbox 1690 3368 2064 3445; x_wconf 85' lang='lat' dir='ltr'><strong>juventutem</strong></span> <span class='ocrx_word' id='word_1_128' title='bbox 2090 3376 2256 3418; x_wconf 82' lang='lat' dir='ltr'><strong>suam</strong></span> 
     </span>
     <span class='ocr_line' id='line_1_22' title="bbox 358 3456 2258 3544; baseline -0.007 -19"><span class='ocrx_word' id='word_1_129' title='bbox 358 3462 615 3525; x_wconf 87' lang='lat' dir='ltr'><strong>conduci</strong></span> <span class='ocrx_word' id='word_1_130' title='bbox 642 3483 757 3526; x_wconf 89' lang='lat' dir='ltr'><strong>non</strong></span> <span class='ocrx_word' id='word_1_131' title='bbox 783 3464 1121 3544; x_wconf 81' lang='lat' dir='ltr'><strong>patiantur.’</strong></span> <span class='ocrx_word' id='word_1_132' title='bbox 1161 3464 1323 3525; x_wconf 77' lang='lat' dir='ltr'><strong>Haec</strong></span> <span class='ocrx_word' id='word_1_133' title='bbox 1350 3464 1568 3544; x_wconf 79' lang='lat' dir='ltr'><strong>legatio</strong></span> <span class='ocrx_word' id='word_1_134' title='bbox 1591 3482 1726 3522; x_wconf 90' lang='lat' dir='ltr'><strong>cum</strong></span> <span class='ocrx_word' id='word_1_135' title='bbox 1751 3479 1935 3542; x_wconf 79' lang='lat' dir='ltr'><strong>pagos</strong></span> <span class='ocrx_word' id='word_1_136' title='bbox 1960 3456 2258 3517; x_wconf 88' lang='lat' dir='ltr'><strong>Senonum</strong></span> 
     </span>
     <span class='ocr_line' id='line_1_23' title="bbox 359 3550 2259 3642; baseline -0.006 -22"><span class='ocrx_word' id='word_1_137' title='bbox 359 3559 713 3630; x_wconf 85' lang='lat' dir='ltr'><strong>circumiret,</strong></span> <span class='ocrx_word' id='word_1_138' title='bbox 744 3559 1091 3621; x_wconf 75' lang='lat' dir='ltr'><strong>Britomaris</strong></span> <span class='ocrx_word' id='word_1_139' title='bbox 1131 3561 1373 3642; x_wconf 83' lang='lat' dir='ltr'><strong>quidam</strong></span> <span class='ocrx_word' id='word_1_140' title='bbox 1404 3561 1546 3640; x_wconf 80' lang='lat' dir='ltr'><strong>regii</strong></span> <span class='ocrx_word' id='word_1_141' title='bbox 1573 3557 1798 3638; x_wconf 79' lang='lat' dir='ltr'><strong>generis</strong></span> <span class='ocrx_word' id='word_1_142' title='bbox 1829 3556 1993 3616; x_wconf 85' lang='lat' dir='ltr'><strong>ferox</strong></span> <span class='ocrx_word' id='word_1_143' title='bbox 2029 3550 2259 3612; x_wconf 83' lang='lat' dir='ltr'><strong>adoles-</strong></span> 
     </span>
     <span class='ocr_line' id='line_1_24' title="bbox 359 3647 2259 3737; baseline -0.008 -18"><span class='ocrx_word' id='word_1_144' title='bbox 359 3677 523 3730; x_wconf 74' lang='lat' dir='ltr'><strong>cens,</strong></span> <span class='ocrx_word' id='word_1_145' title='bbox 549 3657 722 3735; x_wconf 78' lang='lat' dir='ltr'><strong>cujus</strong></span> <span class='ocrx_word' id='word_1_146' title='bbox 745 3665 911 3737; x_wconf 79' lang='lat' dir='ltr'><strong>pater</strong></span> <span class='ocrx_word' id='word_1_147' title='bbox 937 3658 1086 3718; x_wconf 75' lang='lat' dir='ltr'><strong>inter</strong></span> <span class='ocrx_word' id='word_1_148' title='bbox 1113 3657 1491 3719; x_wconf 86' lang='lat' dir='ltr'><strong>Etruscorum</strong></span> <span class='ocrx_word' id='word_1_149' title='bbox 1512 3655 1738 3717; x_wconf 82' lang='lat' dir='ltr'><strong>auxilia</strong></span> <span class='ocrx_word' id='word_1_150' title='bbox 1753 3673 1939 3713; x_wconf 84' lang='lat' dir='ltr'><strong>caesus</strong></span> <span class='ocrx_word' id='word_1_151' title='bbox 1966 3669 2003 3710; x_wconf 90' lang='lat' dir='ltr'><strong>a</strong></span> <span class='ocrx_word' id='word_1_152' title='bbox 2030 3647 2259 3708; x_wconf 86' lang='lat' dir='ltr'><strong>Roma-</strong></span> 
     </span>
     <span class='ocr_line' id='line_1_25' title="bbox 362 3742 2264 3836; baseline -0.008 -22"><span class='ocrx_word' id='word_1_153' title='bbox 362 3756 453 3814; x_wconf 85' lang='lat' dir='ltr'><strong>nis</strong></span> <span class='ocrx_word' id='word_1_154' title='bbox 474 3753 693 3824; x_wconf 83' lang='lat' dir='ltr'><strong>fuerat,</strong></span> <span class='ocrx_word' id='word_1_155' title='bbox 721 3753 926 3813; x_wconf 79' lang='lat' dir='ltr'><strong>insana</strong></span> <span class='ocrx_word' id='word_1_156' title='bbox 938 3755 1214 3816; x_wconf 80' lang='lat' dir='ltr'><strong>vindictae</strong></span> <span class='ocrx_word' id='word_1_157' title='bbox 1230 3754 1552 3836; x_wconf 86' lang='lat' dir='ltr'><strong>cupiditate</strong></span> <span class='ocrx_word' id='word_1_158' title='bbox 1579 3751 1851 3830; x_wconf 84' lang='lat' dir='ltr'><strong>flagrans,</strong></span> <span class='ocrx_word' id='word_1_159' title='bbox 1869 3767 1984 3808; x_wconf 90' lang='lat' dir='ltr'><strong>non</strong></span> <span class='ocrx_word' id='word_1_160' title='bbox 2001 3742 2264 3804; x_wconf 87' lang='lat' dir='ltr'><strong>homines</strong></span> 
     </span>
     <span class='ocr_line' id='line_1_26' title="bbox 362 3838 2263 3934; baseline -0.001 -23"><span class='ocrx_word' id='word_1_161' title='bbox 362 3850 540 3912; x_wconf 90' lang='lat' dir='ltr'><strong>modo</strong></span> <span class='ocrx_word' id='word_1_162' title='bbox 554 3850 1024 3932; x_wconf 77' lang='lat' dir='ltr'><strong>comprehensos,</strong></span> <span class='ocrx_word' id='word_1_163' title='bbox 1035 3851 1138 3913; x_wconf 88' lang='lat' dir='ltr'><strong>sed</strong></span> <span class='ocrx_word' id='word_1_164' title='bbox 1149 3853 1353 3934; x_wconf 83' lang='lat' dir='ltr'><strong>etipsa</strong></span> <span class='ocrx_word' id='word_1_165' title='bbox 1366 3848 1718 3912; x_wconf 85' lang='lat' dir='ltr'><strong>sacrosancti</strong></span> <span class='ocrx_word' id='word_1_166' title='bbox 1731 3844 1979 3906; x_wconf 85' lang='lat' dir='ltr'><strong>muneris</strong></span> <span class='ocrx_word' id='word_1_167' title='bbox 1995 3838 2263 3919; x_wconf 71' lang='lat' dir='ltr'><strong>insignia,</strong></span> 
     </span>
     <span class='ocr_line' id='line_1_27' title="bbox 364 3946 1360 4031; baseline 0.001 -22"><span class='ocrx_word' id='word_1_168' title='bbox 364 3947 698 4009; x_wconf 79' lang='lat' dir='ltr'><strong>minutatim</strong></span> <span class='ocrx_word' id='word_1_169' title='bbox 720 3946 997 4010; x_wconf 86' lang='lat' dir='ltr'><strong>dissecuit</strong></span> <span class='ocrx_word' id='word_1_170' title='bbox 1018 3950 1360 4031; x_wconf 80' lang='lat' dir='ltr'><strong>sparsitque.</strong></span> 
     </span>
    </p>

    <p class='ocr_par' dir='ltr' id='par_1_12' title="bbox 366 4030 2273 4211">
     <span class='ocr_line' id='line_1_28' title="bbox 446 4030 2269 4107; baseline -0.009 -2"><span class='ocrx_word' id='word_1_171' title='bbox 446 4051 510 4107; x_wconf 83' lang='lat'><strong>2.</strong></span> <span class='ocrx_word' id='word_1_172' title='bbox 556 4043 682 4104; x_wconf 87' lang='lat' dir='ltr'><strong>Rei</strong></span> <span class='ocrx_word' id='word_1_173' title='bbox 722 4052 847 4105; x_wconf 86' lang='lat' dir='ltr'><strong>tam</strong></span> <span class='ocrx_word' id='word_1_174' title='bbox 889 4047 1101 4107; x_wconf 70' lang='lat' dir='ltr'><strong>atrocis</strong></span> <span class='ocrx_word' id='word_1_175' title='bbox 1140 4046 1302 4107; x_wconf 78' lang='lat' dir='ltr'><strong>fama</strong></span> <span class='ocrx_word' id='word_1_176' title='bbox 1330 4064 1465 4106; x_wconf 91' lang='lat' dir='ltr'><strong>cum</strong></span> <span class='ocrx_word' id='word_1_177' title='bbox 1506 4043 1641 4103; x_wconf 86' lang='lat' dir='ltr'><strong>hinc</strong></span> <span class='ocrx_word' id='word_1_178' title='bbox 1684 4041 1744 4100; x_wconf 90' lang='lat' dir='ltr'><strong>in</strong></span> <span class='ocrx_word' id='word_1_179' title='bbox 1784 4037 2010 4107; x_wconf 89' lang='lat' dir='ltr'><strong>urbem,</strong></span> <span class='ocrx_word' id='word_1_180' title='bbox 2041 4031 2177 4092; x_wconf 87' lang='lat' dir='ltr'><strong>inde</strong></span> <span class='ocrx_word' id='word_1_181' title='bbox 2210 4030 2269 4088; x_wconf 89' lang='lat' dir='ltr'><strong>in</strong></span> 
     </span>
     <span class='ocr_line' id='line_1_29' title="bbox 366 4132 2273 4211; baseline -0.008 -9"><span class='ocrx_word' id='word_1_182' title='bbox 366 4149 559 4202; x_wconf 74' lang='lat' dir='ltr'><strong>castra</strong></span> <span class='ocrx_word' id='word_1_183' title='bbox 612 4140 951 4203; x_wconf 66' lang='lat' dir='ltr'><strong>Dolabellae</strong></span> <span class='ocrx_word' id='word_1_184' title='bbox 995 4143 1248 4203; x_wconf 83' lang='lat' dir='ltr'><strong>consulis</strong></span> <span class='ocrx_word' id='word_1_185' title='bbox 1291 4141 1618 4211; x_wconf 86' lang='lat' dir='ltr'><strong>accidisset,</strong></span> <span class='ocrx_word' id='word_1_186' title='bbox 1647 4135 1882 4198; x_wconf 85' lang='lat' dir='ltr'><strong>irritatis</strong></span> <span class='ocrx_word' id='word_1_187' title='bbox 1904 4132 2273 4197; x_wconf 80' lang='lat' dir='ltr'><strong>vehementer</strong></span> 
     </span>
    </p>
   </div>
   <div class='ocr_carea' id='block_1_12' title="bbox 969 4285 1715 4341">
    <p class='ocr_par' dir='ltr' id='par_1_13' title="bbox 969 4285 1715 4341">
     <span class='ocr_line' id='line_1_30' title="bbox 969 4285 1715 4341; baseline -0.008 -2"><span class='ocrx_word' id='word_1_188' title='bbox 969 4297 991 4323; x_wconf 86' lang='lat'><em>⁰</em></span> <span class='ocrx_word' id='word_1_189' title='bbox 1025 4287 1089 4339; x_wconf 75' lang='lat' dir='ltr'><strong>A.</strong></span> <span class='ocrx_word' id='word_1_190' title='bbox 1115 4289 1182 4340; x_wconf 77' lang='lat' dir='ltr'><strong>U·</strong></span> <span class='ocrx_word' id='word_1_191' title='bbox 1202 4289 1263 4341; x_wconf 83' lang='lat' dir='ltr'><strong>C·</strong></span> <span class='ocrx_word' id='word_1_192' title='bbox 1285 4292 1398 4340; x_wconf 73' lang='lat'>⁴6⁹.</span> <span class='ocrx_word' id='word_1_193' title='bbox 1435 4285 1498 4340; x_wconf 81' lang='grc' dir='ltr'><strong>Α.</strong></span> <span class='ocrx_word' id='word_1_194' title='bbox 1519 4285 1578 4338; x_wconf 82' lang='grc' dir='ltr'><strong>Ο.</strong></span> <span class='ocrx_word' id='word_1_195' title='bbox 1599 4286 1715 4335; x_wconf 75' lang='lat'><strong>28³.</strong></span> 
     </span>
    </p>
   </div>
  </div>
 </body>
</html>
