3025 4892
509 279 681 350 1480
1484 305 1555 357 τ.
1606 305 1797 355 mvn

839 455 1027 508 totum
1053 468 1260 528 agmen
1286 451 1631 511 turbavere:
1674 471 1976 532 caesusque
1999 462 2089 513 est
2128 451 2380 514 militum
2406 453 2567 515 baud
2602 456 2735 516 exi-

838 567 984 626 guus
1008 567 1297 618 numerus,
1325 558 1387 608 et
1413 548 1677 608 nonnulli
1710 548 2008 631 elephanti
2033 569 2071 609 a
2097 551 2216 610 suis
2240 550 2429 612 relicti
2452 561 2737 613 venerunt

836 644 895 703 in
922 653 1270 724 potestatem
1294 646 1551 706 victoris.
1629 645 1757 707 Hic
1799 668 2098 708 successus
2139 649 2421 708 animavit
2465 649 2735 719 Curium,

833 750 900 801 ut
925 741 1301 803 insistendum
1328 742 1575 804 fortunae
1617 752 1870 825 putaret,
1897 754 1959 804 et
1983 765 2118 804 cum
2145 745 2424 806 universis
2447 747 2632 827 copiis
2655 746 2735 806 ad

832 859 1091 919 pugnam
1143 841 1437 901 instructis
1485 842 1817 922 paratisque
1859 842 1917 901 in
1961 861 2234 924 campum
2279 864 2342 903 se
2380 842 2734 903 demitteret.

836 935 1057 1016 Neque
1088 937 1395 1019 Epirenses
1418 960 1639 1000 moram
1665 939 1875 999 fecere.
1946 938 2310 999 Concursum
2334 950 2425 1000 est
2448 941 2737 1020 utrimque

837 1033 1142 1095 ferociter:
1187 1037 1290 1098 sed
1337 1038 1496 1117 quod
1540 1037 1729 1118 priore
1769 1037 2084 1097 certamine
2127 1035 2439 1098 Romanus
2477 1038 2739 1119 superior

819 1129 1049 1204 suerat,
1079 1134 1209 1214 plus
1233 1135 1410 1195 etiam
1436 1135 1493 1194 in
1525 1155 1779 1215 praesens
1819 1133 2143 1195 animorum
2171 1144 2350 1215 atque
2373 1136 2497 1216 spei
2522 1134 2739 1196 attule-

840 1239 949 1289 rat.
1037 1229 1400 1292 cedentibus
1441 1232 1722 1313 EpirotiS,
1751 1232 1956 1292 iterum
1984 1252 2024 1291 a
2047 1230 2262 1292 belluis
2285 1232 2608 1293 subsidium
2635 1253 2738 1316 pe·

839 1327 934 1386 tiit
960 1328 1252 1409 Pyrrhus,
1281 1328 1582 1410 alteroque
1619 1350 1725 1388 suo
1766 1349 1947 1389 cornu
1974 1328 2255 1407 fugiente,
2286 1329 2538 1390 vicissim
2564 1332 2624 1389 iu
2651 1329 2740 1390 al-

840 1434 966 1484 tero
994 1426 1304 1487 Romanos
1329 1426 1405 1486 ad
1435 1426 1706 1508 praesidia
1729 1446 1838 1486 sua
1863 1426 2074 1508 pedem
2100 1424 2312 1486 referre
2337 1428 2550 1506 coegit.

922 1528 1022 1584 31.
1068 1523 1322 1583 Firmarn
1354 1525 1434 1584 ibi
1460 1526 1771 1586 stationem
1798 1525 1981 1584 iturus
2007 1524 2065 1583 in
2093 1544 2349 1604 pugnam
2370 1524 2572 1585 consul
2597 1546 2741 1586 con-

839 1621 1125 1680 stituerat.
1213 1620 1398 1682 Hanc
1441 1623 1622 1701 igitur
1656 1622 1983 1682 recentibus
2024 1621 2242 1681 viribus
2277 1622 2549 1702 excipere
2590 1642 2740 1705 prae-

842 1716 1007 1789 lium,
1026 1727 1087 1779 et
1110 1719 1452 1800 elephantos
1467 1719 1693 1780 amoliri
1708 1720 1905 1800 jubet.
1947 1718 2257 1779 Adversus
2277 1720 2403 1779 haec
2420 1719 2744 1780 animantia

515 1821 657 1871 Oros.
681 1825 816 1872 xv.2.
840 1827 1130 1898 promtam
1159 1827 1336 1898 atque
1361 1817 1599 1878 facilem
1623 1838 1798 1899 opem
1822 1838 1959 1877 usus
1998 1825 2459 1878 monstraverat:
2506 1818 2743 1898 ignique

838 1915 1027 1994 magis
1050 1936 1227 1995 quam
1254 1914 1405 1976 ferro
1430 1916 1614 1976 averti
1638 1936 1801 1997 posse
1829 1915 2151 1996 superiores
2167 1913 2489 1975 docuerant
2512 1935 2741 1995 pugnae.

842 2012 1053 2073 Parati
1079 2014 1253 2093 igitur
1280 2023 1447 2074 erant
1474 2012 1756 2084 malleoli,
1783 2022 1957 2094 stupa
1998 2022 2060 2073 et
2102 2013 2234 2093 pice
2261 2012 2451 2073 multa
2475 2012 2742 2083 obducti,

839 2130 988 2190 quos
1012 2111 1274 2172 incensos
1305 2112 1691 2191 ardentesque
1717 2111 1777 2170 in
1804 2120 1971 2190 terga
1993 2121 2056 2172 et
2082 2121 2267 2171 turres
2291 2110 2625 2171 belluarum
2640 2113 2743 2191 ja-

840 2207 1208 2268 culabantur.
1270 2208 1350 2280 Ii,
1368 2209 1491 2270 sive
1518 2209 1641 2270 cuti
1666 2207 2131 2290 elephantorum,
2158 2208 2280 2268 sive
2305 2207 2465 2287 ligno
2490 2208 2741 2267 turrium

841 2304 1204 2376 insedissent,
1231 2307 1397 2367 uncis
1422 2305 1734 2388 praeacutis
1773 2304 1942 2367 infixi
1975 2305 2293 2367 haerebant.
2372 2305 2529 2366 Cum
2567 2305 2745 2384 igitur

841 2402 926 2473 hi,
955 2412 1018 2462 et
1044 2424 1161 2463 una
1186 2405 1331 2465 varii
1353 2404 1579 2484 generis
1604 2403 1842 2464 missilia
1866 2423 1943 2463 ex
1963 2404 2258 2484 superiore
2284 2403 2416 2463 loco
2439 2401 2746 2464 confertim

830 2500 1191 2579 jacerentur,
1220 2501 1518 2582 elephanti
1546 2502 1759 2583 partim
1781 2510 1999 2562 terrore
2014 2500 2289 2574 flammae,
2313 2501 2523 2581 partim
2544 2499 2746 2561 dolore

840 2596 1148 2659 vulnerum
1193 2599 1250 2658 in
1292 2598 1544 2659 furorem
1587 2599 1729 2669 acti,
1769 2617 1904 2659 cum
1947 2598 2201 2679 amplius
2225 2617 2263 2657 a
2297 2597 2588 2676 magistris
2628 2597 2748 2676 regi

516 2695 647 2745 Plut.
840 2696 1172 2775 nequirent,
1202 2697 1260 2755 in
1285 2716 1517 2757 suorum
1544 2697 1732 2756 aciem
1753 2684 2222 2767 retrocesserunt,
2247 2694 2468 2766 omnia,
2496 2715 2616 2776 quo
2644 2696 2749 2754 im·

535 2791 663 2841 Flor.
682 2797 818 2845 1.18.
843 2802 1043 2874 petum
1070 2803 1386 2865 verterant,
1414 2791 1804 2874 trepidatione
1825 2803 1888 2853 et
1910 2792 2084 2853 clade
2109 2795 2436 2854 miscentes.
2478 2791 2751 2853 Narrant

517 2865 568 2906 Β*
586 2856 751 2908 Ζοω·
844 2889 1077 2949 initium
1119 2890 1328 2968 stragis
1353 2891 1431 2949 ab
1457 2889 1769 2972 elephanto
1802 2890 1967 2972 pullo
1994 2899 2208 2962 ortum,
2235 2891 2339 2970 qui
2367 2888 2488 2949 telo
2515 2890 2667 2951 ictus
2690 2891 2748 2949 in

844 2987 1063 3067 capite,
1089 3006 1223 3046 cum
1248 2986 1555 3047 stridorem
1579 2987 1884 3068 querulum
1899 2987 2199 3057 edidisset,
2228 2997 2472 3048 matrem
2499 2987 2749 3069 primum

847 3083 925 3143 ad
950 3092 1146 3144 notam
1172 3105 1380 3145 vocem
1405 3084 1795 3156 exsilientem,
1822 3083 2064 3155 deinde,
2086 3085 2199 3145 hac
2224 3085 2405 3145 etiam
2434 3083 2751 3145 tumultum

846 3192 1118 3260 augente,
1145 3193 1370 3243 ceteras
1395 3183 1628 3243 belluas
1652 3203 1852 3243 omnoe
1876 3183 2203 3244 turbaverit
2227 3182 2644 3263 averteritque.

515 3274 649 3324 Plut.
927 3285 1025 3339 32.
1073 3279 1303 3361 Magna
1342 3302 1419 3341 ea
1461 3301 1660 3362 pugna
1684 3291 1748 3341 et
1778 3299 2020 3341 numero
2061 3300 2369 3352 caesorum,
2398 3290 2461 3341 et
2486 3280 2751 3340 victoria!

846 3376 1037 3436 fructu
1064 3376 1218 3437 suit:
1263 3388 1385 3439 tum
1412 3379 1570 3438 enim
1596 3377 1961 3439 debellatum
1986 3386 2078 3437 est
2105 3397 2241 3437 cum
2268 3376 2530 3458 Pyrrho,
2561 3397 2751 3457 neque

517 3489 791 3541 Flor.u.1.
847 3474 1030 3535 ceteri
1056 3473 1337 3556 deinceps
1361 3475 1508 3537 Itali
1536 3474 1660 3547 diu,
1692 3496 1882 3556 neque
1931 3484 2066 3555 post
2112 3474 2356 3535 Italiam
2381 3473 2517 3534 aliae
2562 3476 2751 3535 natio-

519 3554 770 3684 ‘1¹3¹ssng
774 3654 789 3670 ο
849 3590 954 3631 nes
970 3591 1250 3653 regesque
1271 3574 1626 3633 restiterunt.
1708 3572 1917 3653 Triplo
1933 3574 2213 3650 majorem
2232 3593 2309 3632 ea
2320 3591 2521 3653 pugna
2545 3591 2747 3631 nume-

522 3685 660 3735 Oros.
849 3688 978 3728 rum
999 3668 1056 3728 in
1085 3670 1257 3749 regiis
1291 3670 1556 3751 partibus
1573 3669 1912 3730 dimicasse‘
1936 3667 2211 3730 tradunt:
2266 3668 2568 3748 octoginta
2593 3670 2753 3729 enim

908 3879 928 3904 τ
977 3870 1138 3932 Triplo
1175 3872 1757 3933 mmmm-mmm
1835 3871 2017 3922 eadem
2056 3869 2291 3934 Dionysii
2332 3868 2493 3919 verba
2526 3869 2579 3918 in
2617 3868 2754 3919 hune

842 3937 893 3985 in
923 3935 1075 3997 regiis
1110 3938 1328 3999 partibus
1359 3936 1630 4013 ahaim-se]
1672 3936 1755 3986 Fi·
1837 3937 2044 3988 modum
2080 3936 2455 4000 interpretatus
2479 3944 2597 3984 est:
2631 3934 2648 3960 ‘
2667 3947 2754 3983 co·

842 4000 1029 4049 deliter
1072 4001 1236 4050 vertit
1278 4001 1373 4051 boc
1405 4001 1523 4051 loco
1560 4003 1757 4066 Diony·
1838 4002 1952 4066 pias
1973 4013 2054 4054 ter
2084 4008 2231 4053 tauto
2260 4001 2539 4066 ampliores
2564 3999 2753 4049 Roma·

842 4065 973 4113 sium
1000 4064 1400 4128 Freinshemius,
1420 4073 1476 4117 et
1500 4080 1617 4116 enm
1649 4081 1756 4117 sun
1839 4068 1952 4118 nis.'
2018 4068 2192 4133 Atque
2212 4069 2345 4117 hunc
2368 4081 2482 4115 esse
2504 4062 2751 4115 Auctoris

841 4129 1148 4180 obscuritati
1188 4132 1449 4197 relinquit.
1515 4129 1752 4182 Valesius
1839 4147 2045 4185 nusum
2062 4131 2214 4185 facile
2236 4131 2518 4184 credimus.
2562 4131 2710 4181 (ἔην.

841 4194 956 4260 plus
993 4194 1090 4246 sibi
1127 4197 1282 4249 licere
1319 4197 1656 4256 existimavit,
1693 4204 1753 4249 et
