3025 4892
452 333 622 406 1432
1420 356 1490 404 τ.
1541 357 1731 407 mvn

780 503 1098 564 Lucaniam
1137 504 1505 565 transducere
1561 506 1826 566 instituit.
1915 506 2062 567 Erat
2102 508 2211 568 iter
2252 528 2355 588 per
2396 520 2669 589 angustos

776 600 1061 681 quosdam
1085 600 1287 673 calleS,
1315 623 1460 682 quos
1486 605 1565 663 ab
1605 603 1792 663 altera
1830 613 1996 685 parte
2032 616 2339 686 praeruptae
2382 607 2669 687 inyiaeque

778 718 970 778 rupes,
997 699 1073 759 ab
1101 697 1285 759 altera
1310 720 1489 772 mare,
1517 700 1907 760 claudebant:
1950 711 2012 760 et
2031 702 2331 763 intellecto
2345 703 2511 763 ducis
2537 703 2668 764 Ro-

779 795 936 854 mani
984 796 1227 856 consilio
1275 796 1577 857 Tarentini
1626 817 1804 858 naves
1853 799 2248 879 scorpionibus
2296 808 2360 859 et
2423 799 2672 860 ballistis

780 892 1085 954 instructas
1122 896 1501 955 admoverant
1552 895 1752 966 littori,
1805 896 2162 977 militemque
2215 917 2320 978 per
2369 907 2560 958 arctos
2609 909 2671 958 et

777 990 1062 1051 obnoxios
1086 993 1344 1051 tramites
1371 991 1733 1052 incedentem
1765 992 2075 1053 missilibus
2100 994 2478 1074 impetebant.
2562 995 2668 1055 ΙΕ-

456 1093 623 1141 Ζοιιιτ.
777 1085 971 1146 milius
993 1088 1153 1148 viam
1174 1088 1373 1148 virtuti
1416 1097 1688 1166 negatam
1717 1098 1845 1149 astu
1886 1090 2193 1170 explicuit,
2225 1092 2498 1170 captivis»,
2524 1111 2672 1171 quos
2696 1120 2714 1131 -

777 1184 836 1243 in
878 1182 1146 1244 ultimum
1185 1203 1393 1263 agmen
1435 1186 1739 1263 rejecerat,
1776 1186 1966 1246 latera
2016 1196 2342 1267 praetexens
2379 1186 2669 1258 ordinum,

777 1301 909 1362 quae
950 1281 1210 1361 periculo
1251 1284 1554 1362 patebant.
1641 1282 1879 1343 Horum
1919 1283 2313 1344 misericordia
2341 1281 2667 1354 Tarentini,

777 1378 918 1438 dum
932 1399 1065 1438 suos
1090 1378 1259 1437 ferire
1285 1387 1568 1450 metuunt,
1587 1380 1766 1439 etiam
1781 1380 2041 1440 hostibus
2055 1389 2451 1460 pepercerunt.
2510 1379 2690 1443 Haec,

780 1474 960 1535 ferme
1001 1495 1074 1535 eo
1116 1495 1270 1534 anno
1311 1474 1389 1535 ad
1427 1475 1747 1537 Tarentum
1773 1485 1956 1555 gesta.
2039 1475 2254 1537 Romae
2280 1496 2418 1537 vero
2445 1475 2520 1536 C.
2552 1476 2670 1537 Fa-

781 1572 996 1632 bricius
1025 1573 1325 1644 Luscinus,
1353 1572 1457 1652 qui
1497 1572 1557 1631 in
1587 1573 1892 1633 consulatu
1921 1594 2027 1634 suo
2058 1574 2350 1634 Samnites
2382 1573 2671 1634 Bruttios-

457 1667 762 1734 Fauenpit.
784 1689 899 1749 que
938 1678 1000 1730 et
1027 1669 1295 1731 Lucanos
1334 1669 1611 1750 praeclare
1650 1672 1895 1743 vicerat,
1925 1672 2286 1753 triumphans
2311 1669 2674 1752 Capitolium

784 1767 1068 1845 ingressus
1106 1775 1212 1827 est.
1300 1766 1686 1847 Eundemque
1728 1769 2003 1829 honorem
2037 1788 2150 1830 non
2192 1769 2278 1828 ita
2317 1768 2517 1827 multis
2543 1775 2680 1847 post

779 1862 988 1924 diebus
1012 1865 1097 1931 Q.
1127 1863 1392 1924 Marcius
1431 1864 1632 1923 consul
1674 1864 1947 1937 obtinuit,
1974 1885 2051 1925 ex
2086 1865 2344 1936 Etruria,
2377 1865 2549 1924 rebus
2589 1864 2672 1924 ibi

781 1981 1048 2041 prospere
1075 1962 1270 2039 gestis,
1296 1980 1573 2020 reversus.
1661 1962 1819 2028 Quae
1842 1982 1975 2022 eum
2000 1980 2201 2032 causa,
2225 1961 2387 2021 bello
2426 1961 2675 2021 Etrusco

781 2057 1039 2118 nondum
1077 2057 1265 2128 finito,
1295 2078 1371 2118 ex
1416 2059 1718 2139 provincia
1759 2060 2138 2129 revocaverit,
2167 2068 2421 2139 tempore
2455 2056 2670 2128 alieno,

784 2154 947 2231 (nam
990 2154 1296 2216 Fabricius
1336 2154 1423 2214 A.
1463 2154 1545 2214 D.
1585 2171 1694 2214 111.
1741 2153 1955 2215 Nonas
1985 2154 2239 2214 Martias
2264 2155 2672 2234 triumphavit)

781 2269 895 2310 non
922 2251 1203 2312 traditur:
1248 2272 1358 2330 ego
1386 2253 1638 2312 accitum
1665 2272 1702 2311 a
1726 2261 1931 2311 senatu
1956 2251 2228 2330 conjicio,
2272 2252 2374 2331 qui
2401 2260 2526 2310 tum
2566 2270 2672 2310 ex-

784 2349 1115 2427 pectatione
1142 2348 1362 2430 Pyrrhi
1405 2348 1665 2409 solicitus
1706 2348 1976 2429 praesidia
2002 2347 2257 2428 undique
2273 2348 2672 2427 conquirebat.

456 2442 596 2493 0¹0⁸·
619 2456 694 2493 xv.
716 2444 764 2492 1·
865 2450 965 2505 22.
1010 2445 1177 2507 Nam
1218 2455 1280 2506 et
1319 2467 1391 2506 eo
1431 2446 1680 2527 primum
1719 2454 2000 2526 tempore,
2042 2464 2197 2515 cum,
2224 2451 2390 2504 tanta
2419 2443 2677 2523 undique

506 2539 655 2616 ,ΑΨ
671 2537 733 2615 §¹⁰
785 2543 930 2603 belli
970 2544 1123 2604 mole
1165 2554 1387 2616 coorta,
1415 2544 1718 2623 imperium
1755 2541 2013 2623 pluribus
2052 2541 2407 2601 exercitibus
2438 2539 2678 2600 defendi

459 2621 649 2721 „5⁹12
784 2649 1097 2721 oporteret,
1150 2640 1465 2722 proletarii,
1519 2640 1732 2720 quibus
1783 2639 2101 2718 antiquitus
2168 2638 2401 2700 vacatio
2451 2635 2678 2698 militiae

783 2735 996 2809 fuerat,
1021 2746 1385 2799 sacramento
1409 2737 1599 2815 rogari
1630 2755 1890 2816 coepere:
1934 2755 2118 2806 arma,
2146 2756 2279 2816 quae
2324 2754 2529 2815 parare
2572 2754 2679 2815 per

786 2834 1044 2915 inopiam
1086 2854 1200 2894 non
1226 2842 1516 2915 poterant,
1557 2831 1794 2913 publice
1834 2832 2012 2901 data;
2058 2841 2145 2903 ut,
2173 2832 2501 2911 legionibus
2531 2829 2675 2892 alibi

483 2919 667 2969 ¹3⁰³?ss
682 2933 761 2984 ⁸1³·
786 2931 1109 3010 occupatis,
1136 2931 1262 2990 haec
1288 2950 1493 2989 manus
1520 2950 1623 3009 per
1647 2929 1853 3007 globos
1877 2930 1938 2988 in
1965 2929 2142 2989 muris
2168 2929 2407 3008 foroque
2432 2927 2678 3008 disposi-

459 2983 677 3101 2162}ss
787 3036 871 3096 ta,
899 3027 1246 3087 stationibus
1270 3035 1332 3087 et
1360 3026 1626 3086 excubiis
1650 3027 1852 3085 urbem
1878 3034 2151 3086 tueretur.
2236 3023 2457 3105 Neque
2481 3033 2676 3084 tamen

786 3122 877 3181 bis
901 3121 1158 3183 consiliis
1188 3123 1371 3183 averti
1403 3123 1685 3203 potuisset
1707 3122 2007 3182 imminens
2044 3121 2267 3191 clades,
2295 3121 2403 3181 nisi
2445 3120 2680 3180 fortuna

784 3219 944 3280 urbis
966 3220 1331 3300 imperaturae
1348 3219 1842 3301 periculosissimis
1865 3219 2220 3299 temporibus
2243 3220 2503 3298 ingentes
2525 3219 2683 3279 viros

785 3314 1151 3387 resen'rasset,
1179 3337 1251 3377 ac
1276 3317 1471 3378 nescio
1493 3336 1571 3376 an
1596 3317 1884 3376 maximos
1906 3315 2184 3385 omnium,
2210 3317 2314 3395 qui
2337 3332 2594 3395 unquam
2621 3316 2680 3374 in

788 3415 903 3474 ista
941 3413 1178 3475 civitate
1217 3413 1452 3485 fuerint,
1480 3433 1596 3474 non
1637 3414 1721 3472 ita
1760 3411 1981 3472 divitiis
2004 3421 2067 3470 et
2104 3410 2408 3492 splendore
2431 3412 2680 3490 generis,

787 3530 967 3591 quam
1009 3520 1303 3571 contemtu
1345 3530 1543 3592 opum,
1585 3518 1648 3569 et
1686 3528 1724 3567 a
1760 3509 1975 3567 virtute
2005 3507 2248 3568 nobiles.
2333 3506 2492 3569 Haec
2525 3509 2682 3567 enim

788 3614 934 3667 aetas
959 3605 1191 3677 Curios,
1220 3607 1543 3678 Fabricios,
1572 3604 1972 3665 Coruncanios
1996 3604 2166 3663 tulit:
2208 3602 2499 3664 nullarum
2533 3603 2678 3663 ima-

789 3703 986 3781 ginum
1011 3711 1117 3763 aut
1137 3702 1486 3763 facultatum
1509 3702 1688 3772 viros,
1719 3697 1824 3759 sed
1855 3699 2225 3780 amplissimoe
2254 3699 2475 3778 gloriae,
2501 3720 2683 3780 quam

787 3800 1087 3860 rectissimi
1113 3799 1370 3879 exempli
1395 3798 1677 3867 homines,
1698 3815 1921 3854 summo
1952 3795 2036 3855 rei
2075 3795 2340 3859 mrilitais
2370 3817 2498 3866 usu,
2524 3797 2681 3876 pari-

789 3914 906 3974 que
946 3915 1171 3956 morum
1205 3895 1560 3964 innocentia,
1603 3901 1987 3972 pepererunt:
2058 3892 2363 3972 utrobique
2397 3891 2688 3952 salutares

791 3991 1016 4070 patriae,
1070 4012 1203 4072 quae
1247 3990 1524 4051 adversus
1565 4007 1760 4067 regem
1812 3987 2096 4047 ambobus
2145 3987 2515 4048 metuendum
2566 4007 2681 4048 non

793 4087 976 4165 magis
1024 4108 1171 4168 opus
1216 4087 1475 4147 habebat
1508 4085 1668 4156 viris,
1711 4083 1841 4164 qui·
1866 4080 2080 4144 ferrum
2119 4083 2328 4146 hostile
2378 4083 2684 4145 retundere

788 4196 1046 4268 possent,
1073 4208 1251 4269 quam
1276 4188 1377 4269 qui
1404 4204 1607 4247 aurum
1630 4190 2015 4244 contemnere.
