3025 4892
934 403 1295 454 sris‘rons
1345 404 1979 459 nunnoni-oms.
2372 393 2543 460 1399

350 557 472 629 die,
524 558 683 639 apud
730 556 821 617 Te
865 557 1146 639 conspici,
1190 577 1229 617 s,
1267 553 1355 617 Te
1392 557 1622 641 respici,
1663 557 1966 620 familiaris
2007 560 2282 642 speciem,
2325 560 2540 635 locum,

349 655 598 733 gretiam
623 654 926 716 obtinere?
966 654 1146 716 Certe
1169 655 1503 715 tantsmihi
1542 653 1796 717 felicitas
1832 674 1966 718 mes
2003 658 2131 719 vise
2169 669 2279 731 est,
2324 668 2390 719 ut
2429 679 2544 721 non

348 754 567 832 injuris
589 754 791 814 timere
802 755 935 833 jam
962 753 1149 833 ipsam
1173 752 1506 834 inciperem.
1593 753 1954 834 Quanquam
1978 756 2133 818 enim
2166 777 2272 838 per
2293 758 2543 837 gretiam
2636 784 2643 791 ·

352 850 492 912 Dm
520 850 779 931 quotidie
804 870 898 911 me
924 850 1015 910 bis
1036 849 1307 911 omnibus
1329 849 1617 931 ex'spolio,
1644 851 1907 912 deserere
1931 853 2090 914 bsud
2116 853 2304 915 deseri
2327 865 2542 927 certus,

348 958 547 1008 temen
561 947 963 1008 imbecillitate
979 947 1180 1019 animi,
1195 955 1259 1007 et
1269 945 1553 1008 felicitate
1578 948 1757 1008 nimis
1773 958 2036 1029 poteram
2052 951 2417 1024 insolescere,
2435 954 2543 1012 nisi

345 1046 522 1106 certis
560 1045 915 1124 argumentis
955 1046 1016 1105 in
1056 1053 1319 1125 tempore
1358 1045 1676 1118 docuisses,
1707 1055 1933 1108 tentam
1956 1046 2252 1110 fortunam
2279 1069 2394 1110 non
2419 1060 2543 1111 tam

346 1142 523 1203 alieni
561 1142 771 1214 meriti,
798 1162 977 1223 quam
1015 1141 1162 1203 Tuae
1203 1142 1524 1228 voluntatis
1561 1153 1625 1204 et
1660 1143 1866 1223 gretioe
1892 1144 2110 1206 donum
2135 1166 2280 1207 esse.
2364 1147 2542 1207 Cete-

346 1258 475 1299 rum
512 1239 573 1299 in
616 1240 728 1299 boc
769 1240 918 1321 ipso,
955 1239 1117 1320 quod
1147 1248 1376 1300 tantum
1412 1260 1538 1301 effe
1574 1240 1725 1312 dixi,
1750 1251 1897 1321 quot
1919 1252 2055 1302 sunt
2079 1243 2299 1303 eximin
2322 1253 2386 1304 et
2407 1264 2539 1324 pro·

344 1335 514 1416 pria?
569 1335 827 1397 Tantum
849 1337 1144 1398 vocationi
1169 1357 1317 1398 meae
1342 1348 1404 1399 et
1427 1337 1635 1399 studiis
1664 1338 2053 1420 mancipatus,
2079 1339 2193 1400 hoc
2217 1349 2327 1411 est,
2357 1349 2424 1399 ut
2440 1341 2544 1421 qui

342 1432 568 1512 optimo
582 1437 742 1513 jure,
772 1434 939 1505 liber,
966 1434 1143 1496 nullis
1168 1436 1246 1495 ab
1272 1434 1464 1497 officio
1502 1456 1636 1497 meo
1668 1435 1873 1497 alienis
1909 1437 2235 1497 ministeriis
2275 1437 2539 1498 deteror:

343 1548 454 1589 nec
478 1532 725 1611 tempori
748 1531 925 1594 modo
948 1532 1409 1614 valetudinique,
1426 1534 1533 1595 sed
1553 1535 1733 1596 etiem
1758 1533 2060 1595 modestioe
2080 1554 2153 1594 sc
2178 1534 2385 1616 pudori
2410 1554 2543 1595 meo

342 1626 615 1690 consul‘n.
701 1627 848 1690 Non
890 1649 1171 1711 appareo,
1214 1630 1323 1690 nisi
1363 1651 1499 1691 cum
1541 1630 1737 1691 studia
1776 1639 2135 1691 nectentur:
2180 1650 2252 1690 ne
2294 1630 2370 1690 sd
2413 1631 2541 1693 hoec

340 1722 581 1802 quidem
604 1725 857 1805 injussus
881 1726 1159 1807 irrumpo,
1183 1735 1250 1787 ut
1284 1727 1504 1787 otiosus
1535 1737 1597 1787 et
1634 1735 1830 1788 mutus
1853 1736 2147 1809 spectator
2172 1737 2380 1797 estem,
2406 1747 2542 1787 cum

340 1822 618 1901 temporis
640 1822 929 1904 deperditi
952 1820 1305 1885 detrimento
1343 1825 1638 1885 subiturus
1660 1825 1839 1886 etism
1872 1823 2188 1887 ludibrium
2209 1823 2423 1887 stolide
2447 1844 2540 1883 os-

338 1924 581 1977 tentntoe
619 1917 1052 1983 familiaritatis.
1137 1920 1279 1983 Nec
1327 1943 1570 2004 operam
1610 1942 1801 1983 meam
1849 1922 2029 1983 vilem
2080 1921 2281 1982 babes.
2365 1918 2542 1979 Nihil

334 2022 661 2077 mmmm
681 2017 845 2098 quod
868 2019 1010 2097 tegi,
1038 2019 1183 2079 nihil
1209 2019 1370 2100 quod
1396 2021 1666 2080 excusari
1689 2020 1767 2080 sit
1804 2040 1971 2101 opus.
2058 2018 2289 2098 Dignus
2312 2037 2415 2078 ess
2437 2038 2541 2078 cu-

339 2130 433 2171 ns
456 2111 713 2185 bomine,
736 2112 947 2193 dignas
970 2113 1167 2196 Rege,
1202 2114 1374 2176 fateri
1398 2117 1650 2196 cogitur,
1678 2117 1941 2197 quisquis
1965 2136 2081 2177 non
2106 2114 2334 2176 mavult
2357 2114 2540 2195 impe-

338 2209 529 2269 titiam
555 2231 723 2271 suam
762 2212 1168 2295 inscitiamque
1193 2214 1479 2275 confiteri.
1564 2213 1774 2295 Atque
1816 2215 2099 2274 hactenus
2129 2233 2327 2273 eorum
2370 2211 2543 2271 retuli

336 2316 584 2386 partem,
613 2328 748 2389 quae
772 2309 917 2370 mihi
941 2311 1275 2391 praestitisti.
1361 2312 1482 2373 Sed
1508 2322 1719 2392 urgent
1743 2312 2052 2393 locumque
2087 2310 2382 2370 residuum
2407 2327 2541 2389 pos-

336 2403 530 2465 tulant
553 2424 688 2486 quae
712 2426 849 2467 cum
874 2408 934 2466 in
960 2406 1107 2469 alios
1129 2408 1463 2481 contuleris,
1491 2419 1659 2471 tento
1698 2409 1885 2488 magis
1926 2410 1984 2468 in
2026 2428 2120 2468 me
2155 2406 2377 2467 collata
2416 2424 2542 2464 esse

324 2501 560 2581 judico,
585 2502 749 2582 quod
769 2504 948 2564 etism
989 2525 1098 2585 pro
1137 2504 1270 2566 aliis
1307 2526 1455 2566 meae
1496 2526 1700 2588 preces
1739 2505 2066 2567 valuerunt.
2151 2504 2296 2571 Qua
2317 2503 2375 2561 in
2400 2521 2539 2561 con·

336 2597 583 2660 sessione
607 2599 872 2681 profecto
895 2602 1230 2675 subvereor,
1258 2623 1374 2663 non
1411 2604 1589 2664 modo
1619 2623 1693 2663 ne
1719 2602 1862 2662 mibi
1883 2601 2065 2682 possit
2084 2620 2208 2660 esse
2233 2598 2542 2666 invidiosa,

335 2696 436 2757 sed
461 2700 646 2757 etiam
670 2719 745 2758 ne
768 2698 961 2760 Tuam
987 2721 1222 2782 quoque
1252 2702 1639 2782 Majestatem
1667 2701 1948 2759 incessere
1973 2697 2235 2758 audeant
2256 2695 2539 2764 homines,

334 2794 502 2873 qua-si
519 2794 598 2854 sd
615 2794 1015 2869 concedenda,
1032 2816 1165 2878 quae
1181 2806 1537 2879 peterentur,
1555 2815 1728 2877 aequo
1743 2795 1921 2856 fueris
1937 2793 2348 2874 indulgentior.
2386 2791 2538 2858 Qui-

335 2891 443 2951 bus
467 2891 814 2972 respondeo,
839 2913 934 2954 me
958 2892 1118 2954 baud
1142 2894 1322 2954 dubie
1349 2913 1666 2974 agnoscere
1681 2902 1744 2953 et
1757 2891 1951 2952 mirari
1977 2890 2300 2951 bonitatem
2323 2887 2539 2957 Tuam,

333 3005 464 3065 quae
486 2988 708 3048 merit‘n
730 2990 874 3050 meis
898 2988 1071 3070 longe
1112 2993 1343 3071 majora
1384 2990 1688 3059 tribuerit3
1733 2988 1840 3049 sed
1864 2997 2062 3048 tamen
2089 2986 2224 3047 illos
2243 2987 2423 3046 etism
2448 2983 2538 3044 fs)-

332 3082 444 3143 cile
484 3084 744 3165 equalis
783 3097 888 3147 eut
922 3088 1153 3168 potiora
1191 3088 1624 3169 impetraturos,
1651 3087 1702 3148 si
1727 3086 2011 3167 respicere
2036 3083 2241 3154 velint,
2269 3100 2404 3163 quoe
2427 3100 2540 3158 ego

332 3181 582 3261 respexi.
666 3180 763 3242 At
800 3202 1072 3262 quaenam
1109 3185 1223 3245 ista
1262 3184 1439 3244 sum?
1481 3183 1778 3255 Primum,
1806 3202 1880 3243 ne
1899 3180 2046 3261 quid
2073 3190 2352 3262 peterem,
2379 3175 2539 3257 quod

333 3278 390 3337 in
427 3298 493 3339 se
535 3300 655 3340 non
690 3291 842 3341 esset
881 3300 1153 3362 aequum.
1214 3281 1485 3354 alterum,
1527 3302 1623 3352 ne,
1668 3280 1828 3361 quod
1869 3277 2063 3340 officio
2109 3276 2537 3358 Msjestatique

332 3374 631 3457 Principis
653 3396 801 3438 meae
827 3397 942 3438 non
966 3387 1348 3483 congrueret.
1391 3378 1626 3439 tertium
1652 3374 1802 3437 illud
1828 3384 1977 3447 erat,
2019 3374 2180 3464 quod
2212 3394 2316 3455 per
2339 3370 2539 3432 omnis

331 3472 439 3533 ists
460 3473 797 3547 commode,
839 3494 974 3556 quae
1017 3474 1148 3536 aliis
1183 3451 1513 3557 impetravi,
1559 3478 1630 3536 ne
1656 3475 1828 3536 unius
1852 3473 2114 3554 quidem,
2142 3471 2302 3552 quod
2328 3470 2535 3541 οοίαιιι,

329 3570 487 3630 oboli
513 3572 703 3652 pretio
728 3570 920 3632 fectum
941 3593 1071 3633 sum
1114 3573 1481 3655 locupletior.
1567 3572 1847 3634 Ceterum
1889 3571 1949 3630 in
1989 3570 2080 3630 bis
2103 3567 2405 3647 angustiis,
2432 3562 2535 3626 ubi

328 3668 587 3747 cogitare
615 3666 786 3748 plura
809 3688 989 3748 qnam
1013 3671 1268 3731 scribere
1295 3669 1455 3741 licet,
1484 3669 1674 3730 mults
1711 3668 1954 3729 veniunt
1990 3666 2049 3726 in
2080 3674 2356 3733 mentem,
2399 3681 2533 3743 quae

326 3784 502 3844 cogor
514 3765 975 3846 praetermittere.
1020 3766 1167 3828 Hoc
1182 3777 1379 3828 tamen
1393 3766 1613 3838 dicem,
1630 3787 1724 3826 me
1738 3765 2030 3835 dubitare,
2047 3771 2240 3821 utrum
2256 3760 2335 3821 ob
2350 3777 2536 3840 pern

328 3859 637 3933 beneficia,
653 3881 787 3942 quae
803 3883 899 3923 me
922 3863 1278 3944 deprecante
1304 3863 1637 3927 bomim‘bus
1660 3860 1934 3930 tribuisti,
1960 3878 2034 3919 en
2060 3858 2140 3918 ob
2164 3875 2377 3935 magna
2400 3854 2534 3935 plus

325 3952 459 4015 Tibi
481 3954 756 4018 debeam.
824 3956 994 4018 Nam
1014 3969 1083 4019 ut
1105 3959 1166 4019 in
1190 3958 1281 4019 bis
1305 3962 1556 4040 pretium
1582 3978 1797 4028 rerum,
1814 3957 1899 4016 ita
1921 3955 1980 4015 in
2007 3953 2126 4013 illis
2154 3951 2533 4013 humanitatis

326 4057 515 4135 majus
537 4064 651 4126 est,
678 4055 837 4136 quod
852 4056 1111 4117 animum
1128 4058 1302 4118 istum
1318 4056 1704 4138 quantaelibet
1718 4051 2131 4133 magnitudinis
2144 4064 2425 4129 capacem
2440 4047 2528 4107 in-

325 4152 551 4213 terdum
567 4153 787 4214 adtam
807 4155 1027 4233 exigua
1048 4154 1350 4228 demisisti.
1417 4153 1655 4233 Regem
1679 4151 1856 4212 fusse
1873 4148 2225 4229 accepimus,
2252 4144 2378 4224 qui»
2399 4144 2527 4224 Phi·

326 4248 566 4332 losopho
593 4260 829 4332 petente
856 4251 1215 4323 drachmam,
1242 4251 1595 4314 conveniens
1609 4251 1722 4311 hoc
1738 4247 1899 4327 Regi
1917 4263 2126 4306 munus
2138 4260 2262 4303 esse
2279 4260 2526 4327 negave-
