3025 4892
815 363 1026 414 mam
1074 363 1242 413 xvh
1286 360 1943 417 SUPPLEMBNTUM.

263 509 422 570 enim
450 508 652 586 ingens
675 507 975 568 hominum
1000 505 1335 577 multitudo,
1352 504 1512 567 hand
1540 508 1731 567 miuus
1745 507 2175 589 quinquaginta

265 604 455 669 millia
479 604 853 677 bellatorum,
882 613 1050 666 tanto
1063 606 1196 684 jam
1223 613 1481 686 tempore
1520 603 1678 665 idem
1713 605 1867 664 intra
1890 603 2175 685 oppidum

259 701 558 763 eonelusa'
586 721 877 762 annonam
903 701 1024 762 fere
1054 720 1288 762 omnem
1323 702 1728 770 absumsisset3
1788 702 2007 782 sperari
2032 721 2173 762 vero

257 799 569 860 subvectio
595 798 759 859 nulla
782 808 997 879 posset,
1025 797 1224 859 aditus
1247 818 1449 858 omnes
1474 797 1769 858 Romanis
1786 797 2025 859 solicite.
2039 818 2172 858 cus·

257 895 657 965 todientibusz
704 903 1199 977 propugnatorum
1242 895 1420 955 animi
1463 904 1588 955 tam
1634 895 2017 976 praesentibus
2046 915 2173 955 ma·

259 992 353 1064 lis,
381 1011 566 1073 quam
590 993 1001 1073 expectatione
1043 993 1383 1053 instantium
1409 992 1571 1053 haud
1598 992 1967 1054 mediocriter
1991 1012 2171 1074 ange-

258 1089 498 1151 bantur.
555 1097 556 1100 ’

2326 345 2499 414 1527

340 1194 444 1248 53.
475 1185 670 1265 Igitur
694 1186 1045 1247 Hannibale
1067 1186 1346 1268 Gisgonis
1367 1187 1493 1247 filio
1520 1189 1685 1265 (nam
1709 1186 1806 1248 hic
1832 1188 2003 1247 rebus
2020 1186 2171 1247 Car-
2194 1202 2363 1251 Zona.

257 1284 723 1364 thsginiensibus
767 1283 1082 1363 Agrigenti
1134 1288 1410 1366 proeerat)
1463 1285 1683 1345 crebris
1726 1285 1945 1344 nuntiis
1996 1301 2168 1365 opem

259 1381 546 1443 adversus
587 1381 804 1442 famem
842 1391 905 1442 et
946 1382 1206 1463 pericula
1246 1391 1546 1465 poscente,
1588 1400 1723 1442 cum
1759 1381 2042 1441 militibus
2067 1383 2169 1462 qui
2191 1400 2364 1468 Polyb.

257 1489 466 1560 postea
491 1479 779 1557 contracti
814 1478 1070 1550 fuerant,
1097 1479 1563 1560 elephantisque,
1610 1477 1840 1538 Hanno
1878 1479 2069 1538 senior
2109 1478 2168 1537 in
2213 1498 2363 1549 Diod.
2386 1498 2495 1548 321.

257 1574 530 1640 Siciliam
556 1575 1002 1636 transmittitur:
1025 1576 1291 1660 peditum
1311 1586 1477 1638 erant
1502 1574 1692 1636 millia
1717 1575 2166 1656 quinquaginta,
2191 1565 2226 1613 ¹·
2249 1579 2411 1612 1111111·

254 1692 358 1733 sex
384 1672 677 1753 equitum,
717 1673 1027 1751 sexaginta
1067 1672 1386 1755 elephanti.
1473 1673 1630 1734 Cum
1666 1673 1757 1732 his
1783 1673 1971 1753 eopiis
1998 1670 2166 1753 Lily-

254 1770 450 1832 baeum
494 1778 720 1840 vectus,
758 1769 894 1829 inde
934 1791 1135 1832 versus
1182 1769 1547 1831 Heracleam
1589 1770 1808 1831 movit:
1851 1769 2164 1850 uatimque

255 1876 547 1927 venerunt
582 1866 661 1927 ad
704 1887 840 1927 eum
899 1868 1001 1947 qui
1038 1867 1395 1928 deditionem
1450 1866 1689 1927 Erbessi
1729 1864 2163 1948 pollicerentur.

259 1962 500 2024 Horum
542 1984 723 2044 opera
760 1963 1015 2024 Erbesso
1056 1965 1297 2045 potitus,
1334 1963 1490 2025 unde
1533 1965 1819 2025 haetenus
1855 1961 2167 2023 ad'castra
2188 1980 2366 2048 Polyb.

255 2059 544 2122 Romana
565 2059 782 2121 deferri
806 2065 1170 2122 commeatus
1183 2070 1588 2133 consueverat,
1617 2080 1738 2121 rem
1763 2060 1921 2121 haud
1938 2059 2165 2120 minimi

253 2159 539 2219 momenti
565 2155 874 2238 perfecime
912 2157 1245 2231 videbatur,
1271 2178 1406 2219 cum
1448 2158 1722 2219 exclusos
1760 2157 1919 2218 omni
1954 2177 2163 2238 prope-

255 2255 497 2315 modum
528 2253 816 2315 facultate
847 2257 1303 2316 neeessariarum
1328 2276 1520 2316 rerum
1547 2255 1858 2316 Romanos
1884 2253 2043 2314 haud
2078 2252 2162 2314 le-

254 2352 381 2412 vius
407 2359 667 2431 urgeret,
694 2371 873 2431 quam
893 2352 972 2412 ab
996 2352 1088 2412 his
1107 2351 1483 2432 Agrigentini
1498 2353 1929 2433 premebantur.
1994 2349 2163 2410 Jam-

255 2469 365 2528 que
405 2448 488 2509 de
529 2448 838 2509 obsidione
879 2449 1166 2510 solvenda
1198 2449 1592 2509 deliberatum
1632 2457 1759 2508 erat
1802 2467 1918 2507 non
1959 2446 2163 2517 semel,

253 2546 521 2626 nihilque
547 2547 784 2627 propius
809 2545 1054 2617 suctim,
1083 2566 1260 2627 quam
1288 2555 1355 2606 ut
1384 2544 1682 2625 negotium
1717 2542 1870 2604 istud
1914 2563 2020 2624 pro
2060 2542 2164 2603 de-

253 2651 489 2724 sperato
515 2643 909 2721 abjiceretur:
955 2643 1064 2703 nisi
1090 2663 1195 2703 rex
1223 2641 1630 2724 Syracusanus
1653 2661 1855 2701 omnes
1884 2638 2166 2700 tentando

255 2740 380 2800 vias
402 2739 676 2800 nonnihil
702 2738 976 2800 frumenti
991 2749 1433 2819 ceterarumque
1459 2758 1651 2798 rerum
1676 2736 1875 2797 furtim
1899 2737 2162 2796 summit-

255 2847 400 2910 tens,
447 2844 794 2919 praesentem
832 2837 1090 2918 inopiam
1127 2835 1360 2898 modico
1403 2835 1651 2896 subinde
1697 2834 2036 2896 levamento
2070 2854 2160 2893 re·

253 2943 525 2996 creasset.

329 3040 434 3093 54.
478 3031 712 3093 Hanno
734 3052 870 3093 cum
897 3031 1209 3093 Romanos
1239 3042 1303 3093 et
1327 3032 1592 3115 penuria,
1618 3040 1681 3092 et
1704 3029 1921 3091 morbis
1941 3029 2044 3109 qui
2069 3049 2162 3089 se-

253 3130 354 3209 qui
378 3128 602 3190 famem
628 3128 841 3201 solent,
868 3130 1124 3209 graviter
1147 3129 1416 3202 affectos,
1442 3148 1581 3189 suas
1614 3137 1823 3189 eontra
1844 3126 2048 3207 copias
2071 3127 2163 3185 vi-

253 3226 411 3286 ribus
463 3227 707 3305 integris
746 3246 920 3305 agere
960 3226 1381 3308 perpenderet;
1443 3226 1682 3307 propius
1724 3222 1803 3285 ad
1856 3222 2164 3283 Romanos

254 3322 560 3394 accedere,
588 3322 916 3404 praeliique,
942 3325 992 3383 si
1024 3322 1279 3384 facultas
1300 3322 1563 3395 daretur,
1591 3321 1885 3382 fortunam
1911 3319 2164 3400 experiri

251 3421 472 3481 sumit.
562 3418 914 3501 Elephantis
970 3421 1146 3499 igitur
1192 3420 1621 3500 quinquaginta
1671 3426 1983 3496 ceteroque
2036 3423 2164 3476 toto

253 3518 517 3578 exercitu
545 3517 817 3577 munitis
851 3515 1164 3577 Heraclea
1204 3515 1522 3597 profectus,
1567 3513 1958 3575 Numidicum
2000 3512 2164 3591 equi-

253 3622 438 3674 tatum
466 3614 795 3695 praemittit,
823 3615 950 3695 qui,
984 3614 1240 3675 hostium
1263 3614 1468 3673 castris
1506 3612 1882 3692 obequitans,
1923 3609 2162 3668 eliceret

254 3709 567 3772 Romanos
605 3710 857 3791 equites,
898 3719 962 3772 et
1003 3712 1061 3770 in
1109 3719 1468 3792 praeparatas
1529 3708 1771 3770 insidias
1821 3706 2158 3767 deduceret.

255 3805 565 3879 Numidis,
591 3809 680 3871 uti
703 3808 1046 3869 mandatum
1070 3817 1217 3880 erat,
1244 3807 1324 3867 ad
1349 3816 1544 3868 castra
1567 3803 1870 3866 consulum
1898 3810 2159 3863 contem-

253 3903 358 3964 tim
385 3903 855 3986 provolantibus,
873 3914 1185 3987 erumpunt
1200 3904 1488 3975 Romani,
1516 3899 1975 3985 'propelluntque
1991 3898 2159 3958 resis-

252 4009 448 4062 tentes
461 4002 649 4082 primo
668 4023 685 4072 3
716 4001 932 4063 deinde
951 4001 1157 4063 solutis
1179 4000 1479 4063 ordinibus
1492 4001 1615 4072 via,
1632 4018 1753 4080 qua
1766 3997 1964 4059 venire
1982 3995 2161 4056 Han·

256 4118 468 4159 nonem
505 4099 791 4171 sciebant,
840 4099 1212 4179 refugientes,
1253 4106 1532 4176 contento
1575 4116 1748 4156 cursu
1806 4112 2161 4175 persequun-

255 4203 368 4256 tur.
460 4193 651 4274 Igitur
675 4207 900 4277 quanto
925 4197 1156 4278 longius
1189 4196 1380 4276 abripi
1419 4216 1484 4257 se
1532 4194 1685 4275 passi
1722 4191 1975 4264 fuerant,
1996 4199 2162 4250 tanto
