3025 4892
541 373 715 449 1816

542 543 855 627 enniique
897 539 1125 608 clades
1159 559 1280 625 per
1310 541 1741 607 temeritatem
1787 546 1991 625 atque
2033 540 2527 608 inscientiam¹⁵
2549 551 2578 580 ⁸
2622 539 2744 610 du-

541 664 694 709 cum
727 649 1049 727 acceptas
1071 639 1408 708 referret':¹'
1432 648 1452 678 ‘
1477 644 1936 728 magistroque
1956 644 2280 728 equitum,
2309 646 2489 729 quod
2510 655 2747 712 contra

543 746 799 814 dictum
821 745 872 786 ¹⁶
912 765 1107 811 suum
1135 752 1533 830 pugnasset,
1563 745 1898 811 rationem
1919 743 1936 773 '
1979 745 2235 813 diceret
2276 750 2299 781 ‘
2330 748 2745 814 reddendam

543 870 721 916 esse.
815 850 891 916 Si
939 869 1150 934 penes
1211 869 1287 914 se
1341 868 1608 918 summu
1659 850 1922 933 imperii
1968 850 2374 934 consiliique
2422 852 2535 929 sit,
2589 871 2746 937 pro·

545 954 811 1039 pediem
866 952 1280 1034 effecturum,
1340 962 1414 1019 ut
1466 954 1689 1020 sciant
1740 952 2076 1031 homines,
2130 954 2310 1018 bono
2358 954 2749 1037 imperatori

544 1057 723 1122 baud
761 1056 985 1140 magni
1017 1054 1348 1121 fortunam
1373 1055 1695 1120 momenti
1726 1074 1918 1120 esse:
1962 1063 2243 1121 mentem
2287 1056 2747 1142 rationemque

545 1159 893 1226 dominari.
998 1159 1090 1224 So
1135 1158 1205 1223 in
1261 1166 1636 1244 tempore¹⁷
1689 1166 1758 1224 et
1810 1158 1953 1223 sine
2010 1159 2381 1242 ignominia
2440 1178 2748 1224 servasse

543 1264 932 1341 exercitum,
985 1279 1190 1348 quam
1242 1261 1456 1327 multa
1503 1261 1725 1328 millia
1780 1261 2077 1327 bostium
2126 1260 2548 1339 occidisse,¹⁸
2606 1283 2749 1329 ma-

533 1367 751 1451 jorem
802 1366 1083 1450 gloriam
1129 1363 1328 1431 esse!
1429 1365 1659 1451 Hujus
1713 1366 1970 1450 generis
2030 1365 2458 1430 orationibus
2506 1363 2751 1430 frustra

545 1470 820 1549 habitis,
874 1478 946 1535 et
990 1471 1263 1535 consule
1313 1476 1541 1535 creato
1582 1468 1683 1534 Μ.
1725 1467 1942 1534 Atilio
1985 1466 2280 1552 Regulo,
2316 1487 2407 1531 ne
2447 1485 2751 1551 praeseus

544 1575 629 1641 de
665 1576 815 1661 jure
851 1575 1116 1659 imperii
1155 1575 1528 1654 dimicaret,
1562 1574 1779 1659 pridie
1815 1594 2020 1661 quam
2061 1573 2429 1657 rogationis
2460 1573 2749 1640 ferenda

545 1678 690 1743 dies
720 1678 1041 1756 adesset:=
1075 1684 1276 1744 nocte
1316 1678 1405 1744 ad
1444 1680 1818 1744 exereitum
1856 1679 2049 1748 abiit.
2140 1678 2328 1743 Luce
2374 1681 2547 1757 orta,
2598 1697 2752 1743 cum

543 1780 765 1864 plebis
811 1780 1171 1847 concilium
1211 1787 1415 1859 esset,
1459 1781 1680 1865 magis
1718 1781 1927 1847 tacita
1965 1779 2223 1846 invidia
2264 1779 2620 1847 dictatoris
2654 1780 2751 1847 (a-

541 1903 804 1969 vorque
833 1886 1130 1967 magistri
1175 1883 1470 1970 equitum
1515 1885 1778 1949 animos
1819 1885 2157 1962 versabat,
2195 1903 2402 1970 quam
2436 1885 2609 1950 satis
2638 1904 2752 1951 au-

545 1985 796 2052 debant
851 1987 1162 2053 homines
1222 1983 1311 2056 ad
1380 1986 1816 2068 suadendum,
1886 1987 2071 2074 quod
2140 1988 2342 2072 vulgo
2408 1987 2753 2073 placebat,

543 2089 852 2175 prodire.
897 2096 987 2170 et,
1031 2093 1266 2158 favore
1306 2089 1713 2177 superante‚‘¹
1757 2093 2132 2158 auctoritas
2166 2099 2391 2158 tamen
2424 2092 2755 2173 rogationi

546 2193 794 2259 deerat.
918 2192 1105 2259 Unus
1168 2195 1476 2261 inventus
1536 2201 1643 2261 est
1709 2214 1951 2261 suasor
2019 2195 2195 2278 legis
2270 2193 2352 2261 C.
2407 2193 2755 2260 Terentius

546 2293 789 2376 Varro,
831 2297 947 2382 qui
991 2297 1217 2382 priore
1263 2316 1438 2362 anno
1485 2303 1733 2381 praetor
1758 2298 1991 2378 fuerat,
2018 2298 2173 2364 loco
2202 2318 2337 2365 non
2373 2298 2615 2364 humili
2644 2318 2754 2363 so-

543 2399 702 2478 lum,
733 2401 852 2466 sed
883 2402 1090 2467 etiam
1121 2400 1417 2480 sordido,
1448 2408 1655 2467 ortus.
1748 2401 2022 2469 Patrem
2063 2403 2361 2468 lanium·
2406 2401 2621 2468 fuisse
2662 2401 2752 2467 fe-

1479 391 1547 447 Τ.
1597 387 1786 445 mvn

1458 2584 1582 2604 ‘m
1587 2585 1834 2607 bum„

543 2716 771 2767 Bauero.
773 2722 901 2768 —15
943 2715 1029 2768 ΑΙ.
1072 2717 1333 2768 maun.
1336 2721 1468 2770 —16
1499 2713 1588 2770 ΑΙ.
1629 2721 1978 2772 edictam—17
2014 2719 2102 2774 ΑΙ.
2141 2735 2194 2771 sc
2234 2735 2360 2772 soeco
2401 2721 2752 2783 tenum-18

547 2781 688 2833 Add.
709 2785 879 2835 ducere
899 2783 1036 2836 Edd.
1057 2791 1182 2836 ante
1204 2783 1373 2835 Drak.

1543 2916 1763 2972 NOTAE

610 3020 635 3047 ⁸
669 3015 826 3077 Atque
860 3013 1186 3076 mamm]
1245 3013 1397 3066 Hauc
1431 3029 1615 3067 vocem
1762 3017 1788 3051 ἅ
1823 3015 2011 3067 Favere
2025 3014 2300 3079 superante]
2331 3013 2584 3063 Pavorem
2608 3012 2754 3062 iutel-

544 3089 738 3139 babent
773 3090 1007 3140 hocloco
1043 3091 1227 3155 scripti
1259 3108 1274 3142 ς
1332 3107 1500 3160 eaque
1536 3094 1615 3144 usi
1696 3093 1800 3155 lige
1836 3093 2002 3157 plebis
2039 3094 2091 3142 iu
2127 3092 2295 3155 legem
2328 3097 2515 3142 contra
2546 3089 2752 3140 Fabium

548 3181 691 3230 saepe
718 3166 909 3216 Cicero
930 3174 986 3216 et
1010 3166 1204 3217 Caesar.

613 3242 638 3278 ὓ
668 3245 905 3310 Aca-eptas
941 3244 1166 3311 referret]
1200 3246 1257 3298 Si
1298 3252 1315 3276 ‘
1340 3256 1614 3315 acceptum

545 3317 781 3371 referre'
848 3322 1168 3387 conjunctim
1207 3324 1519 3389 accipiatur,
1556 3336 1616 3378 ut

548 3397 853 3464 plerumque
875 3397 956 3462 fit,
992 3413 1086 3463 pro
1119 3401 1398 3464 imputare,
1433 3402 1615 3468 legen·

547 3472 671 3524 dum
694 3476 794 3524 erit
816 3489 882 3524 ex
899 3475 1153 3527 Gronovii
1174 3481 1462 3543 sententia,
1481 3478 1615 3530 bien-

545 3549 709 3614 niique
744 3552 901 3601 clades
938 3551 1200 3604 temeritati
1232 3559 1375 3619 utque
1407 3555 1614 3607 inscitie

541 3632 761 3693 acceptas
814 3628 1034 3689 referret.
1123 3631 1343 3695 Verum,
1400 3633 1612 3697 qnando

545 3705 715 3756 nullus
746 3706 868 3758 hnic
901 3707 1115 3758 lectioni
1148 3706 1295 3759 favet
1318 3709 1488 3760 codex
1527 3723 1613 3761 ve·

547 3790 649 3845 tus,
679 3783 861 3834 licebit
879 3783 1005 3835 illud
1023 3784 1225 3844 referret
1252 3787 1493 3851 accipere
1519 3801 1614 3850 pro

547 3860 748 3911 diceret
768 3878 783 3923 ς
818 3861 1072 3913 narrando
1083 3871 1411 3914 asseveraret
1434 3863 1613 3916 clades

546 3945 792 4001 acceptas
815 3936 974 3987 fuisse
999 3954 1095 4003 per
1117 3940 1428 4004 imperitiam
1449 3947 1613 4007 atque

546 4012 950 4077 imprudentiam
976 4016 1182 4068 ducum.

610 4099 632 4125 ‘³
667 4091 823 4146 Quam
843 4092 1109 4155 rogationis
1141 4094 1363 4155 ferendoe
1392 4091 1496 4144 dies
1526 4096 1612 4144 od-

547 4166 694 4231 esset]
733 4169 1071 4230 Rogationem
1123 4171 1376 4235 intelligit
1422 4171 1614 4222 Metilii

548 4244 950 4309 tribuniplebis,
981 4246 1048 4296 de
1083 4247 1335 4313 equando
1375 4249 1613 4314 magistri

549 4322 786 4386 equitum
810 4331 866 4374 et
888 4323 1156 4375 dictatoris
1180 4325 1417 4389 imperio.

1695 3169 1984 3236 ferendam,
2029 3185 2147 3236 quie
2192 3170 2243 3218 in
2281 3167 2505 3232 gratiam
2540 3166 2755 3217 Minucii

1694 3248 1928 3314 magistri
1972 3248 2235 3313 equiturn:
2271 3245 2360 3308 qui
2405 3242 2557 3294 favor
2596 3242 2753 3306 major

1694 3332 1809 3374 erat
1844 3339 1998 3390 quam
2043 3322 2108 3374 ad
2148 3319 2417 3372 ferendam
2453 3321 2619 3386 legem
2658 3333 2752 3368 ne·

1693 3417 1844 3453 cesse
1888 3409 2050 3464 esset,
2086 3398 2519 3452 concurrentibus
2553 3397 2756 3448 scilicet

1695 3481 1922 3530 omnium
1948 3492 2095 3543 paene
2120 3473 2401 3541 suffragiis.

1759 3565 1783 3592 ⁸
1817 3557 2016 3606 Patrem
2052 3554 2255 3619 lonium]
2288 3553 2461 3603 Plane
2480 3551 2532 3601 in
2556 3549 2751 3600 Grono-

1694 3633 1764 3683 vii
1796 3633 2107 3684 senteutiam
2158 3630 2385 3681 eundum
2431 3642 2632 3682 censeo,
2669 3626 2751 3676 sic

1693 3709 1975 3761 scribentis
2017 3709 2155 3759 hunc
2190 3707 2361 3758 locum
2384 3723 2399 3753 ε
2454 3706 2638 3758 Patren
2675 3703 2751 3753 h—

1693 3787 1988 3849 nimsaisse
2003 3786 2175 3848 ferunt
2206 3786 2375 3850 ipsun,
2396 3784 2611 3834 institere
2627 3794 2749 3830 nu·-

1692 3866 1763 3915 ois
1784 3864 1899 3930 filio
1937 3865 2024 3914 hoc
2059 3864 2162 3928 ipso
2196 3863 2250 3913 in
2286 3861 2481 3912 servilio
2516 3855 2749 3921 <jum

1693 3942 1961 3992 ministerio
1980 3956 2134 3992 mm.
2199 3939 2351 3992 Quod
2399 3946 2570 3988 autem
2602 3940 2748 3985 notat

1695 4017 2065 4079 Godelevoens‚
2086 4016 2205 4066 hinc
2227 4015 2374 4080 sequi
2396 4015 2641 4065 Romanos
2670 4009 2747 4060 ci·

1699 4095 1839 4146 vium
1877 4108 2093 4145 numero
2132 4107 2233 4143 non
2262 4093 2493 4142 arcuisse
2527 4103 2625 4145 cot,
2653 4086 2743 4151 qai

1696 4170 1929 4221 sordidas
1996 4178 2138 4221 artes
2197 4175 2510 4232 tractarent,
2572 4171 2742 4218 contra

1693 4263 1847 4312 quam
1895 4247 2163 4312 scripserit
2204 4245 2528 4309 Dionysins3
2584 4254 2741 4306 neque

1693 4326 1931 4376 absolute
1951 4326 2075 4376 binc
2107 4323 2340 4389 colligas,
2370 4337 2489 4374 cum
2524 4316 2736 4388 potuerit
