3025 4892
511 344 681 416 1446
1483 358 1556 414 τ.
1602 359 1794 415 mvn

834 516 1349 597 temperantissime
1372 515 1627 588 deditus,
1649 519 1766 576 hue
1792 515 2043 575 rationes
2056 534 2190 574 suas
2203 526 2405 575 omnes
2418 512 2727 574 referebat.

540 634 754 701 Polyaen.
821 613 922 674 ·Et
961 633 1298 694 quanquam
1342 613 1593 675 audacia
1634 612 1893 694 bellique
1928 614 2149 672 artibus
2181 613 2395 673 nemini
2417 632 2528 685 sua
2551 620 2728 672 aetaoe

501 699 711 815 gtmteg.
736 717 808 753 vr.
833 709 1051 771 ducum
1095 710 1526 791 postponendus
1564 720 1736 782 esset,
1781 711 1978 771 omnia
2028 719 2223 770 tamen
2279 711 2436 793 prius
2475 714 2730 792 experiri

538 800 553 814 ⁰
830 807 1082 880 solebat,
1108 827 1286 889 quam
1312 809 1486 868 armis
1508 828 1630 869 rem
1655 808 2046 889 permitteret:
2090 808 2426 889 animosque
2451 809 2728 881 hostium,

833 915 900 965 ut
939 905 1184 986 quisque
1229 914 1589 986 opportunus
1627 914 1774 976 erat,
1817 914 2000 976 metu,
2027 904 2373 986 eupiditate,
2401 903 2726 989 voluptate,

830 1002 1246 1075 misericordia,
1288 1002 1544 1082 denique
1586 1001 1986 1063 conditionum
2029 1003 2307 1082 aequitate
2352 1022 2423 1063 ae
2450 1002 2727 1074 utilitate,

784 1102 791 1112 “
830 1099 1196 1160 moliebatur.
1296 1097 1488 1177 Igitur
1528 1100 1795 1159 nuntiato
1841 1098 2044 1161 Roma
2093 1100 2318 1178 legatos
2365 1102 2585 1170 venire,
2639 1110 2730 1161 tot

503 1196 722 1246 Zonaras.
826 1196 1162 1257 consulares
1184 1195 1262 1256 ad
1288 1197 1568 1274 majorem
1592 1204 1749 1256 certe
1768 1195 2028 1278 aliquam
2052 1210 2175 1257 rem
2200 1198 2353 1257 mitti
2376 1198 2725 1279 suspicatus,

539 1295 651 1345 Val.
667 1296 804 1345 Mu·
828 1294 990 1375 pacis
1012 1293 1429 1374 componendae
1453 1293 1805 1354 mentionem
1829 1292 2092 1354 illaturos
2107 1315 2232 1355 esse
2249 1295 2541 1375 sperabat.
2584 1295 2728 1362 Quo

504 1364 644 1473 {²2¹¹st
663 1424 803 1477 Diae.
828 1393 1003 1471 igitur
1026 1399 1089 1451 et
1109 1391 1311 1461 tutior,
1337 1399 1398 1449 et
1437 1390 1771 1450 honoratior
1803 1411 2068 1452 accessus
2106 1411 2306 1451 eorum
2333 1390 2504 1463 foret,
2532 1390 2610 1451 ad
2636 1394 2724 1473 ip-

501 1489 632 1539 Hist.
660 1490 805 1542 Mise-
826 1509 923 1548 sos
947 1509 1129 1568 usque
1154 1486 1299 1548 fines
1323 1487 1447 1566 agri
1470 1486 1769 1548 Tarentini
1798 1488 2101 1569 Lyconem
2132 1488 2368 1548 natione
2396 1488 2725 1549 Molossum

506 1559 658 1669 ”blig'
676 1604 963 1685 ,pud'eum
990 1584 1258 1667 praesidio
1282 1584 1438 1645 misit
1459 1585 1696 1646 obviarn
1715 1603 1753 1645 :⁴
1775 1585 1898 1666 ipse
1921 1605 2062 1646 vero
2076 1601 2212 1647 eum
2226 1594 2432 1646 ornato
2458 1586 2724 1666 equitatu

501 1682 802 1738 Fulersin.
816 1682 1194 1744 ·venient1bus
1235 1691 1406 1742 extra
1446 1690 1674 1763 portam
1705 1684 1978 1755 occurrit,
2019 1682 2416 1764 deductosque
2443 1703 2725 1764 perquam

825 1777 1142 1841 honorifice
1164 1798 1241 1841 ac
1268 1779 1635 1860 hospitaliter
1676 1780 1849 1841 rebus
1878 1780 2147 1841 omnibus
2178 1778 2337 1840 laute
2371 1790 2548 1860 atque
2575 1780 2722 1840 libe-

828 1876 1027 1937 raliter
1049 1877 1277 1937 habuit.
1362 1875 1465 1936 Illi
1493 1896 1629 1956 quae
1656 1877 1733 1937 ad
1758 1877 2213 1951 moderationem
2231 1877 2409 1937 animi
2436 1877 2727 1957 pertinent

532 1966 663 2016 Dion
695 1983 738 2017 Β·
830 1973 1081 2055 praefati,
1107 1984 1126 2012 ‘
1146 1982 1369 2054 quanta
1382 1974 1551 2034 sortis
1576 1974 1984 2046 inconstantia,
2000 1994 2178 2055 quam
2203 1976 2411 2034 subitae
2438 1973 2723 2035 bellorum

499 2034 663 2150 ῧῖἒη,
707 2035 803 2084 ulv'
828 2071 985 2131 vices
1008 2080 1220 2142 essent,
1247 2091 1436 2150 neque
1462 2070 1715 2151 praeseiri
1741 2070 1937 2131 futura
1964 2073 2174 2152 pooeess
2201 2070 2480 2131 mandata
2503 2070 2722 2133 edunt:

828 2176 847 2205 ‘
875 2189 937 2228 se
963 2167 1041 2228 ad
1066 2166 1427 2249 recipiendos
1449 2166 1716 2247 captivos
1747 2188 1882 2228 suos
1914 2169 2160 2240 venioee,
2201 2169 2324 2229 sive
2350 2177 2509 2229 certo
2537 2169 2598 2228 in
2623 2189 2722 2229 ca·

826 2264 953 2345 pita
993 2266 1183 2346 pretio
1206 2263 1435 2336 redimi,
1465 2264 1588 2323 sive
1630 2284 1766 2325 eum
1797 2263 2127 2325 Tarentinis
2169 2265 2372 2345 aliisve
2407 2267 2726 2346 permutari

808 2362 1162 2442 pateretur)

496 2462 717 2513 Ζοιιιι-ιι.
905 2465 1003 2519 16.
1047 2458 1317 2541 Pyrrhus
1359 2459 1505 2521 nihil
1549 2478 1777 2539 magnae
1815 2460 1899 2520 rei
1951 2459 2073 2518 sine
2112 2457 2359 2519 consilio
2403 2459 2724 2520 amicorum

816 2564 1075 2617 statuere
1096 2567 1517 2621 eonsu'everat:
1560 2578 1681 2638 quo
1727 2566 1851 2617 tum
1894 2575 2130 2636 quoque
2170 2565 2521 2627 convocato,
2566 2556 2726 2616 Milo

775 2666 779 2673 '
818 2654 1060 2734 quidam
1075 2654 1385 2728 suadebat,
1414 2665 1431 2691 ‘
1457 2665 1525 2715 ut
1545 2654 1795 2734 captivis
1810 2653 2049 2712 retentis
2062 2650 2301 2715 fortuna
2317 2672 2424 2712 sua
2441 2660 2722 2723 uteretur,

820 2772 1010 2831 neque
1037 2750 1257 2813 bellum
1284 2753 1390 2812 nisi
1416 2751 1759 2833 perdomitis
1785 2749 2077 2810 Romanis
2099 2750 2436 2809 omitteret!
2521 2749 2724 2829 Longe
2825 2758 2850 2787 ·’

816 2847 1053 2907 diversa
1097 2846 1302 2911 Gineae
1342 2850 1530 2908 oratio
1577 2847 1731 2907 fuit:
1786 2847 1888 2926 qui
1932 2855 2383 2907 commemorata
2428 2855 2447 2883 ‘
2484 2855 2722 2907 senatus

820 2942 1141 3024 populique
1169 2942 1432 3004 Romani
1464 2943 1819 3013 constantia,
1862 2962 2041 3022 quam
2080 2962 2234 3024 saepe
2275 2945 2552 3003 extremis
2575 2952 2721 3003 tem-

821 3039 1063 3119 poribus
1098 3040 1216 3099 suis
1266 3040 1546 3100 invictam
1596 3038 1990 3111 ostendisset‚'
2029 3039 2321 3116 subjecit:
2378 3048 2396 3075 ‘
2443 3037 2721 3101 Aliorum

818 3134 1081 3195 fortassis
1105 3136 1358 3197 hostium
1395 3146 1498 3197 aut
1532 3156 1720 3196 mores
1748 3135 2060 3206 oderimus,
2108 3144 2214 3195 aut
2244 3138 2723 3197 contemserimus

818 3251 1002 3293 arma.
1084 3232 1240 3293 Cum
1261 3231 1375 3295 hae
1400 3226 1598 3312 gente,
1625 3252 1665 3293 o
1687 3251 1814 3303 rex,
1843 3233 2162 3293 amicitiam
2186 3232 2296 3292 tibi
2321 3234 2517 3313 potius
2542 3254 2722 3313 quam

818 3328 1041 3389 bellum
1062 3328 1398 3389 habendum
1415 3350 1542 3389 esse
1560 3349 1774 3389 censeo
1795 3348 1810 3389 ε
1839 3348 2028 3409 neque
2046 3328 2212 3389 reddi
2238 3328 2415 3390 modo
2430 3331 2719 3410 captivos,

816 3425 924 3486 sed
964 3427 1142 3503 etiam
1167 3425 1397 3496 donari,
1432 3446 1509 3486 ex
1557 3447 1662 3486 usu
1703 3434 1809 3486 tuo
1847 3424 2063 3485 fuerit:
2107 3445 2297 3506 neque
2331 3424 2720 3487 differendum

801 3521 1090 3593 arbitror,
1122 3520 1263 3600 quin
1292 3519 1522 3601 legatos
1543 3540 1679 3582 eum
1701 3521 2037 3582 muneribus
2061 3519 2322 3581 Romam
2356 3523 2579 3593 mittas,
2618 3525 2719 3604 qui

818 3617 1254 3678 conditionibus
1289 3620 1473 3698 aequis
1515 3637 1720 3698 pacem
1759 3616 2096 3678 conficiant.
2182 3616 2329 3678 Hoo
2370 3619 2527 3677 enim
2568 3617 2718 3679 illud

818 3723 1048 3795 tempus
1086 3734 1211 3775 esse
1252 3715 1522 3786 arbitror,
1560 3735 1678 3796 quo
1720 3734 1841 3775 rem
1887 3714 1995 3774 tibi
2036 3715 2442 3787 neeessariam,
2481 3716 2531 3775 si
2573 3715 2719 3796 quid

807 3810 1039 3890 judico,
1082 3811 1262 3871 etiam
1298 3830 1432 3871 cum
1478 3811 1767 3890 dignitate
1807 3811 2000 3871 faeere
2046 3812 2248 3892 possis.
2334 3811 2404 3871 N
2407 3831 2521 3871 une
2556 3814 2714 3872 enim

818 3906 991 3966 rebus
1016 3907 1210 3967 adhuc
1234 3908 1523 3989 prosperis
1547 3907 1622 3967 de
1662 3927 1807 3988 paee
1834 3927 2033 3987 agens,
2076 3915 2139 3968 et
2172 3906 2425 3979 facilius,
2453 3928 2587 3987 quae
2613 3929 2715 3969 vo-

819 4003 1015 4073 lueris,
1042 4006 1463 4086 impetraveris,
1491 4015 1555 4065 et
1574 4004 1737 4066 nulla
1763 4004 1887 4065 alia
1907 4025 2108 4076 causa,
2136 4024 2315 4084 quam
2335 4006 2514 4065 animi
2540 4005 2719 4066 solita

820 4099 1246 4177 magnitudine,
1277 4121 1480 4182 pacem
1505 4102 1787 4162 obtulisse
1813 4100 2106 4161 videberis
2130 4103 2223 4172 iis,
2255 4122 2403 4181 quos
2431 4103 2716 4181 integrum

821 4194 1027 4257 suimet
1050 4198 1223 4259 arnus
1247 4198 1323 4259 ad
1345 4200 1688 4261 servitutem
1704 4218 1934 4279 cogere.
1989 4198 2075 4260 Et
2092 4199 2245 4260 absit
2261 4198 2504 4279 quidem
2517 4219 2712 4273 omen,
