3025 4892
863 381 1074 431 mem
1123 380 1355 430 xvur.
1397 377 2045 432 surranum-arun.
2392 364 2563 432 1567

345 527 669 600 natoribus,
708 533 730 563 ‘
749 545 824 587 ne
851 526 1000 587 inter
1025 525 1266 587 Orionis
1289 534 1352 586 et
1376 524 1565 586 Canis
1586 534 1879 598 exortum,
1906 544 2041 606 qnae
2064 524 2240 586 infes-

343 625 570 685 tissima
594 624 1005 703 navigantibus
1034 631 1171 683 sunt
1208 623 1422 695 sidera,
1463 623 1772 684 obversum
1796 622 2028 684 Africae
2052 622 2241 694 littus,

346 723 599 782 intutum
629 731 693 781 et
721 722 1163 803 importuosum,
1200 720 1798 802 proeteweberentur,’
1840 729 2066 782 tantam
2092 729 2241 780 tem-

344 827 571 900 pestate
596 818 831 879 cladem
874 819 1127 900 perpessi
1170 827 1328 889 sunt,
1364 826 1434 878 ut
1465 819 1571 880 vix
1597 817 1764 878 aliud
1791 819 1851 878 in
1878 820 1992 879 hoc
2032 833 2241 897 genere

345 916 637 998 proditum
676 918 755 977 sit
798 916 1132 999 exemplum
1175 915 1474 978 illustrius.
1561 915 1835 996 Denique
1875 915 1952 976 de
1995 915 2244 976 navibus
2291 930 2565 984 Eumom.

342 1015 617 1076 trecentis
641 1015 951 1094 sexaginta
975 1023 1248 1095 quatuor,
1273 1014 1377 1075 vix
1403 1015 1725 1094 octoginta,
1751 1032 1990 1074 onerum
2004 1015 2243 1092 jactura
2266 1013 2342 1049 xv.
2365 1001 2415 1048 ⁹·

342 1110 525 1182 facta,
561 1113 781 1173 servari
826 1119 1156 1193 potnerunt.
1255 1110 1671 1193 Hippaginum
1714 1130 1971 1191 quoque,
2018 1119 2241 1171 cetero-
2298 1127 2564 1182 Diod.Eel.

344 1229 590 1290 rumque
605 1210 786 1270 variae
805 1209 1008 1270 formae
1035 1208 1421 1289 navigiorum,
1444 1227 1717 1270 numerus
1740 1207 1901 1268 haud
1928 1209 2117 1267 minor
2144 1227 2243 1289 pe-
2264 1194 2301 1245 ¹·
2322 1210 2486 1243 ΠΜ·

349 1306 478 1366 riit:
522 1307 610 1366 ita
632 1305 764 1366 ut¹‘
789 1306 1175 1368 cadaveribus
1197 1307 1495 1366 hominum
1524 1305 1977 1385 animaliumque
2002 1312 2067 1364 et
2090 1303 2241 1366 frac·
2265 1325 2435 1392 Polyb.

343 1403 420 1463 tis
443 1404 683 1464 navium
720 1404 960 1476 tabulis,
997 1425 1037 1465 a
1062 1403 1567 1465 Camarinensium
1612 1423 1740 1474 ora,
1779 1404 1882 1463 ubi
1930 1403 2109 1483 pestis
2132 1401 2240 1462 illa

339 1499 588 1561 classem
627 1502 940 1574 invaserat,
984 1502 1340 1584 Pachynum
1366 1522 1553 1582 usque
1593 1501 1758 1562 littus
1781 1521 1953 1562 omne
1977 1498 2237 1581 eomple-

341 1607 520 1659 retur.
601 1598 753 1658 Tam
780 1599 933 1659 dura
975 1600 1035 1658 in
1061 1608 1216 1660 sorte
1241 1620 1357 1661 non
1386 1598 1518 1659 leve
1553 1597 1825 1659 solatium
1870 1596 2103 1657 afflictis
2127 1598 2235 1657 hu·
2261 1616 2413 1669 Diod.

341 1697 596 1756 manitas
621 1695 906 1758 Hieronis
930 1698 1084 1777 regis
1110 1697 1348 1758 attulit:
1391 1696 1495 1777 qui
1524 1696 1773 1775 benigne
1800 1703 2083 1776 exceptos
2109 1714 2237 1755 ves-

339 1794 520 1865 tibus,
550 1793 706 1866 cibo,
735 1796 1086 1875 naviumque
1113 1792 1485 1855 armamentis
1510 1793 1871 1873 adjuvando,
1899 1792 2240 1852 Messanam

339 1911 524 1971 usque
550 1889 800 1952 deduxit
823 1890 1163 1953 incolumes.

419 1994 523 2050 88.
568 1987 690 2049 Sed
717 1988 1230 2068 Carthaginienses
1251 1988 1367 2049 hoo
1391 1988 1639 2049 fortunae
1652 1987 1943 2050 beneficio
1968 2007 2083 2047 non
2110 2007 2241 2067 seg·
2263 1993 2431 2043 zonat.

340 2086 489 2146 niter
514 2087 625 2157 usi,
654 2085 968 2158 cossuram
995 2086 1246 2147 insulam
1262 2087 1584 2166 urbemque
1609 2095 1987 2169 mceperunt:
2026 2094 2092 2146 et
2112 2085 2239 2144 sine

339 2202 504 2243 mora
528 2183 588 2244 in
616 2182 884 2244 Siciliam
908 2184 1350 2263 transjicientes‚
1378 2184 1771 2264 Agrigentum
1801 2185 1952 2246 duce
1979 2182 2238 2243 Cartha·
2260 2208 2412 2260 Diod.

339 2279 473 2341 lone
523 2282 985 2351 circumsessum,
1031 2281 1173 2362 quia
1212 2301 1326 2341 non
1367 2282 1846 2352 subveniebatur,
1891 2279 2240 2340 exciderunt

335 2376 776 2458 dirueruntque.
821 2378 1006 2438 Multi
1022 2379 1120 2440 hie
1133 2377 1409 2439 mortales
1428 2378 1723 2438 interfecti
1738 2379 1974 2459 captive
1990 2396 2004 2436 t
2032 2375 2236 2446 ceteri,

337 2474 554 2554 quibus
578 2495 683 2556 per
706 2474 1131 2536 mediterranea
1156 2474 1290 2535 loca
1328 2476 1387 2535 in
1417 2474 1701 2535 ditionem
1737 2474 2237 2555 Syracusanorum

335 2571 622 2651 effugium
646 2571 780 2643 fuit,
812 2573 870 2631 in
910 2573 1044 2633 vieo
1078 2575 1264 2652 juxta
1289 2570 1492 2632 fanum
1527 2572 1717 2644 Jovis,
1763 2570 2111 2652 Olympium
2134 2587 2238 2629 vo-

336 2678 496 2740 cant,
525 2669 863 2730 consedere.
923 2668 1146 2751 Neque
1173 2669 1346 2748 longe
1373 2668 1619 2729 aberant
1645 2690 1684 2729 a
1706 2689 1811 2750 spe
1830 2667 2009 2728 totius
2033 2666 2237 2726 insulse
2258 2692 2426 2743 zonat.

338 2765 750 2846 recuperandae
779 2765 1098 2826 Poenorum
1122 2766 1328 2837 duces,
1372 2767 1482 2826 nisi
1509 2765 1712 2827 audito
1737 2765 2145 2826 Romanorum
2172 2764 2233 2823 in
2256 2791 2392 2841 Eutr.

336 2861 665 2945 reparanda
703 2862 889 2922 classe
924 2862 1140 2934 studio,
1186 2862 1515 2924 confirmati
1561 2863 1705 2923 socii
1746 2862 1994 2923 fortibus
2028 2860 2236 2921 animis

339 2969 684 3041 presentem
700 2968 917 3020 metum
938 2959 1301 3021 tolerassent.
1383 2958 1584 3021 Tanta
1606 2962 1762 3021 enim
1787 2958 2095 3039 diligentia
2119 2959 2237 3019 huc

335 3057 722 3119 incubuerant
767 3056 1057 3129 consules,
1106 3067 1175 3118 ut
1227 3058 1331 3119 vix
1387 3057 1658 3119 credibili
1700 3056 2024 3127 celeritate,
2079 3055 2233 3116 intra
2253 3078 2429 3145 Polyb.

337 3175 516 3216 unum
541 3156 824 3215 trimestre
851 3174 1029 3215 naves
1054 3175 1220 3214 novae
1246 3154 1518 3216 ducentae
1541 3156 1852 3234 vinginti¹⁷
1890 3153 2233 3234 compinge-

337 3263 553 3313 rentnr.
637 3250 792 3311 Cum
818 3252 910 3311 his
941 3251 1059 3312 Cn.
1092 3252 1401 3313 Cornelius
1427 3252 1497 3314 L.
1528 3253 1601 3313 F.
1633 3252 1708 3313 C.
1737 3250 1829 3313 N.
1859 3251 2060 3331 Scipio
2085 3249 2231 3309 Asi-

338 3369 435 3422 na,
461 3359 526 3410 et
552 3348 640 3409 A.
656 3347 884 3408 Atilius
910 3347 997 3411 A.
1022 3348 1093 3409 F.
1115 3349 1190 3409 C.
1221 3349 1312 3412 N.
1344 3347 1659 3410 Calatinus
1681 3350 1892 3410 iterum
1916 3342 2237 3416 consules}

337 3446 624 3529 impositis
648 3465 725 3506 ex
752 3465 907 3506 novo
931 3444 1167 3507 delectu
1193 3447 1440 3507 strenuis
1455 3446 1769 3520 militibus,
1787 3431 1975 3528 primo
1999 3461 2233 3523 quoque
2257 3462 2426 3512 Zona„

335 3553 596 3626 tempore
620 3542 848 3604 solvere
865 3544 1038 3621 jussi.

416 3647 516 3702 39.
588 3639 877 3719 Magnum
919 3640 1299 3700 inconstantis
1350 3640 1599 3702 fortunae
1650 3640 2065 3701 documentum
2106 3635 2234 3695 Cn.
2292 3653 2404 3703 val.
2422 3650 2560 3699 Mu.

336 3740 441 3799 iste
462 3736 775 3798 Cornelius
797 3736 949 3797 fuit:
995 3737 1124 3798 utili
1171 3737 1248 3797 ad
1290 3737 1516 3798 fortiter
1544 3737 1882 3798 tolerandas
1908 3733 2231 3796 adversita·
2259 3734 2332 3769 v1.
2355 3721 2404 3768 9.
2428 3720 2509 3767 ¹¹·

335 3845 425 3897 tes
446 3833 759 3915 exemplo:
801 3834 1017 3915 quippe
1042 3854 1178 3895 cum
1206 3835 1455 3917 septimo
1498 3844 1636 3895 ante
1678 3854 1833 3895 anno
1862 3831 2063 3894 consul
2096 3829 2230 3890 insi-

401 4015 465 4060 16
500 4007 636 4060 Edd.
658 4015 780 4059 aute
804 4008 957 4059 Crev.
980 4014 1035 4059 ut
1056 4009 1146 4058 ita.

401 4080 463 4125 17
499 4075 583 4125 lta
607 4073 843 4125 Crevier.
867 4088 933 4124 ex
954 4074 1141 4138 Polyb.
1199 4073 1334 4125 Edd.
1359 4074 1574 4139 priores,
1596 4078 1785 4124 cenem
1799 4070 1995 4136 viginti.

1121 4199 1465 4222 Omluu

929 4283 958 4320 ὅ
990 4284 1056 4336 A.
1077 4284 1145 4338 U.
1167 4286 1228 4336 C.
1252 4290 1366 4338 498.
1402 4283 1469 4338 A.
1490 4284 1551 4334 C.
1576 4287 1691 4335 25⁴.
