3025 4892
835 362 1047 413 msa-1
1093 362 1260 412 xvi.
1306 361 1951 413 surrnsunnrmu.
2327 344 2500 416 1505

270 505 524 572 bantur:
569 518 702 591 post
743 507 1108 589 aliquamdiu
1147 509 1425 570 mstinere
1464 509 1657 589 potuit
1695 508 1919 589 imperii
1944 493 2172 588 magniss

269 605 442 677 tado,
467 615 532 665 et
556 605 800 686 quidam
825 604 1104 685 singulari
1145 605 1360 666 virtute
1383 603 1585 676 duces,
1626 625 1874 686 quorum
1916 604 2174 666 maxime

270 723 480 784 opera,
516 701 800 782 quicquid
837 701 1143 763 felicitatis
1180 701 1482 780 Carthago
1506 701 1737 772 habuit,
1773 709 2173 784 comparatum

272 800 726 879 stabilitnmque
754 800 1067 881 comperio.
1152 798 1274 859 Sed
1300 800 1378 859 ab
1413 798 1581 859 initio
1598 841 1603 846 ²
1619 797 1859 880 quidem
1898 797 2176 860 adversus
2232 809 2263 859 J
2269 817 2361 859 unt.
2383 822 2503 859 xxx.

279 896 473 957 Afros
496 896 754 975 vectigal
782 918 886 978 pro
910 896 1036 958 solo
1059 895 1219 956 urbis
1256 903 1622 977 reposcentes
1666 894 2009 957 dimicatum
2050 904 2173 956 est:
2200 879 2266 991 ¹15
2326 946 2361 989 t.
2382 954 2475 988 nx

277 992 467 1072 idque
487 994 594 1072 jus
618 994 846 1054 nonnisi
869 979 1131 1074 repetitis
1151 991 1323 1053 bellis
1339 1000 1656 1052 extortum.
1705 990 1860 1053 Inde
1885 990 2178 1073 prolatum
2199 1010 2250 1062 2.
2268 956 2324 990 us
2484 973 2499 990 ⁸

275 1089 461 1150 etiam
491 1090 834 1170 imperium:
876 1089 1221 1170 Africaeque
1246 1109 1382 1172 pars
1403 1089 1728 1162 cultissima
1756 1090 1865 1149 sub
1898 1088 2180 1150 ditionem

276 1186 485 1268 populi
530 1186 1036 1265 Carthaginiensis
1089 1186 1350 1249 redacta.
1436 1185 1513 1246 In
1575 1185 1906 1248 Sardiniam
1958 1195 2181 1257 autem,

274 1280 494 1343 deinde
517 1282 808 1354 Siciliam,
851 1292 918 1343 ut
959 1284 1346 1363 trajiceretur,
1374 1282 1550 1343 maris
1573 1282 1998 1364 opportunitas,
2025 1292 2086 1343 et
2110 1282 2182 1342 il-

278 1378 395 1438 lins
437 1378 645 1440 insulae
693 1378 853 1440 rudis
892 1380 970 1441 ad
993 1379 1374 1442 resistendum
1398 1380 1721 1451 barbaries,
1764 1380 1941 1460 hujus
1966 1380 2045 1439 ob
2065 1378 2183 1439 dis·

278 1474 515 1536 cor-dias
540 1486 851 1557 perpetuas
878 1478 1265 1559 potentiorum
1289 1476 1513 1556 injuriis
1530 1476 1800 1557 exposita
1814 1474 2185 1558 pulchritudo

279 1572 581 1632 invitavit.
662 1570 740 1633 In
784 1572 1089 1635 Corsicam
1124 1594 1200 1634 ex
1246 1572 1522 1633 Sardinia
1563 1573 1756 1634 facilis
1788 1572 2083 1644 transitus,
2126 1582 2189 1633 et

283 1666 495 1728 insulae
522 1689 638 1729 non
664 1668 1118 1749 opulentissimae
1142 1669 1422 1751 promtior
1456 1671 1768 1751 occupatio
1792 1669 1924 1732 fuit.
2007 1668 2103 1729 At
2127 1668 2185 1729 in

285 1762 498 1826 Sicilia
532 1763 853 1826 diutissime
878 1766 1044 1827 varia
1069 1765 1305 1826 fortuna
1330 1765 1673 1827 dimicatum
1699 1774 1825 1826 est:
1870 1766 2185 1826 maximas-
2232 1786 2511 1839 Juuauw.

283 1882 400 1942 que
424 1871 489 1921 et
514 1862 790 1923 victorias
811 1883 888 1923 ex
910 1864 982 1923 iis
1006 1862 1202 1934 bellis,
1226 1872 1289 1923 et
1309 1862 1534 1934 clades,
1566 1862 1741 1924 Poeni
1767 1860 2106 1923 retulerunt.

363 1965 429 2019 8.
474 1958 564 2018 Et
589 1958 910 2024 Hamilcar
941 1959 1181 2041 quidem
1209 1958 1532 2021 Hannonis
1566 1960 1744 2032 filius,
1769 1980 1905 2020 cum
1928 1968 2189 2020 trecenta
2245 1966 2429 2016 Herod.
2453 1966 2488 2018 Ι.

285 2054 592 2116 hominum
618 2056 804 2117 millia
843 2059 904 2117 in
948 2057 1214 2118 Siciliam
1237 2057 1627 2139 deportasset,
1654 2077 1693 2118 a
1719 2055 1953 2118 Gelono
1977 2057 2188 2127 victus,
2214 2045 2312 2081 '¹¹‘

286 2152 527 2212 interiit.
613 2152 758 2221 Qua
787 2154 1130 2216 calamitate
1173 2154 1422 2236 perculsi
1451 2154 1968 2234 Carthaginienses
2010 2153 2191 2214 absti-

288 2269 466 2309 nuere
495 2248 728 2322 Sicilia,
754 2250 945 2313 donec
970 2252 1048 2314 ab
1076 2251 1434 2332 AEgestanis,
1461 2273 1612 2334 quos
1628 2251 1942 2313 Selinuntii
1966 2270 2191 2331 preme·
2237 2262 2268 2312 J
2272 2269 2363 2339 μαι.
2380 2266 2518 2313 ms.

289 2345 458 2418 bant,
473 2347 728 2420 exorati,
749 2347 1159 2410 Hannibalem
1178 2348 1548 2410 Hamilcaris
1561 2348 1686 2409 filio
1699 2348 1972 2409 Gescone
1991 2357 2193 2406 natum
2216 2326 2370 2442 ἔξω·
2393 2342 2518 2376 ¹¹¹¹·

293 2444 634 2507 emiserunt.
696 2444 784 2516 Is,
812 2444 1117 2507 Selinunte
1143 2466 1217 2507 ac
1241 2445 1499 2507 Himera
1521 2446 1754 2518 excisis,
1782 2463 2055 2523 magnam
2084 2444 2194 2502 ite·
2285 2424 2300 2440 ’

291 2559 417 2611 rum
436 2541 767 2622 potentiam
783 2542 1074 2615 Poenisin
1102 2542 1310 2604 Sicilia
1322 2544 1705 2624 comparavit.
1750 2540 2023 2602 Himilco
2040 2537 2194 2620 Lep-
2236 2555 2385 2607 Diod.
2406 2571 2520 2605 xxv.

292 2638 475 2698 tinem
509 2637 785 2719 Dionysii
810 2639 1049 2721 majoris
1071 2639 1309 2702 fiatrem
1348 2639 1677 2720 ducemque
1718 2640 1776 2699 in
1823 2635 2026 2698 Siculo
2051 2637 2195 2697 mari
2217 2625 2303 2672 ⁶⁰·

295 2735 461 2807 vicit,
492 2754 790 2815 navesque
816 2737 975 2816 cepit
997 2746 1102 2797 aut
1123 2737 1410 2819 depressit
1448 2729 1709 2808 centum,
1736 2737 1991 2796 virorum
2018 2734 2196 2793 inter-

296 2829 435 2892 fecit
476 2831 790 2913 plusquam
839 2833 1047 2912 viginti
1096 2834 1317 2895 millia:
1385 2834 1604 2896 multas
1657 2832 1877 2895 Sicilioe
1928 2831 2199 2892 civitates

295 2928 590 2989 obtinuit:
648 2939 879 3009 partem
922 2950 1156 3011 quoque
1210 2931 1633 3012 Syracusarum
1676 2931 1869 3012 cepit:
1927 2927 2033 2989 sed
2072 2936 2201 2988 orta

299 3034 539 3106 repente
587 3026 943 3106 pestilentia,
1000 3036 1127 3088 toto
1172 3027 1374 3094 ferme,
1406 3030 1677 3089 absumto
1726 3026 2013 3099 exercitu,
2065 3044 2201 3086 cum

300 3123 506 3203 paucis
530 3143 668 3183 eum
704 3123 1127 3203 Carthaginem
1156 3124 1343 3185 redire
1368 3124 1672 3206 compulit.
1755 3122 1977 3202 Neque
2002 3131 2200 3182 tamen

301 3239 462 3300 spem
490 3218 718 3279 Siciliae
741 3220 1468 3302 occupandaeabjecerunt
1492 3221 1691 3292 Poeni,
1714 3219 1820 3281 sed
1844 3218 2046 3300 paucis
2072 3227 2203 3299 post

302 3317 470 3375 annis
489 3335 630 3377 cum
655 3315 777 3377 alia
800 3316 988 3378 classe
1008 3316 1368 3379 Hannonem
1394 3317 1673 3378 adversus
1689 3316 2041 3397 Dionysium
2068 3314 2197 3374 bel·
2214 3322 2353 3372 ‘Just
2370 3338 2463 3396 ¹5¹·
2479 3328 2529 3373 5.

305 3410 426 3473 lare
457 3415 785 3492 jusserunt.
869 3414 1098 3476 Postea
1141 3414 1466 3494 Magonem
1510 3414 1587 3475 ab
1623 3412 1794 3474 Iceta
1816 3422 2118 3483 vocatum,
2143 3420 2206 3472 et
2227 3386 2426 3502 {ffif'ff
2444 3388 2531 3503 ἐξ.

306 3510 366 3569 ἰιι
394 3511 522 3591 ipsa
537 3512 675 3591 jam
702 3509 1077 3591 Syracusana
1091 3513 1236 3572 urbe
1250 3520 1445 3573 castra
1458 3532 1596 3573 cum
1610 3510 1873 3592 peditum
1895 3509 2205 3588 sexaginta
2228 3525 2280 3567 et
2297 3522 2379 3569 so.

305 3605 569 3667 millibus
595 3607 908 3671 habentem
927 3608 1237 3671 Timoleon
1264 3609 1461 3689 ejecit.
1534 3608 1685 3668 Mox
1718 3605 2126 3668 Hannibalem
2144 3615 2207 3666 et
2246 3614 2534 3668 Ibidem?-

308 3702 747 3776 Hamilcarem,
775 3708 1151 3788 septuaginta
1167 3706 1353 3766 millia
1377 3704 1628 3767 militum
1655 3702 2031 3776 adducentes,
2050 3702 2204 3763 idem
2228 3686 2281 3729 Β*
2297 3686 2380 3732 ⁴²·

305 3801 619 3866 Timoleon
643 3825 843 3886 pugna
865 3827 1082 3886 magna
1103 3806 1268 3878 vicit,
1296 3806 1616 3885 castrisque
1642 3805 1828 3864 exuit.

389 3908 449 3962 9.
493 3901 620 3962 Sed
644 3902 802 3964 haud
827 3912 1043 3966 temere
1069 3903 1328 3966 velocior
1352 3904 1424 3963 iis
1453 3900 1578 3963 ullo
1601 3900 1763 3962 bello
1784 3902 2044 3981 majorve
2067 3917 2204 3959 con·
2228 3925 2319 3976 Liv
2321 3941 2541 3982 ,,,,,,,,

308 3998 499 4059 versio
550 3998 824 4072 fortune,
872 4021 1052 4081 quam
1105 4000 1380 4062 adversus
1433 3995 1850 4078 Agathoclem,
1901 3996 2051 4058 fuit:
2107 3995 2210 4076 qui
2235 3997 2537 4108 ffamxxn·

311 4094 505 4156 victus
548 4095 606 4156 in
653 4095 882 4168 Sicilia,
924 4099 1190 4160 οδω
1230 4095 1559 4179 Syracusis,
1588 4094 1756 4158 nulla
1795 4093 2068 4156 evidente
2108 4112 2213 4173 spe
2236 4127 2286 4173 4.
2309 4129 2481 4186 etseq.

314 4190 725 4288 salatia-ultro
751 4194 1085 4289 transduxit
1108 4196 1167 4258 iu
1195 4193 1470 4258 Africam
1496 4191 1739 4266 bellum,
1767 4190 2212 4272 Carthaginien·
2238 4187 2540 4238 Μήλου·
