3025 4892
475 331 654 399 2016
1416 350 1484 396 ·r.
1536 344 1723 397 mvn

479 494 859 562 descendit:
907 495 1188 575 Poenus,
1219 495 1435 560 tacita
1465 495 1667 560 etiam
1692 493 2125 560 confessione
2158 494 2407 573 victuS,
2434 492 2679 558 castris

480 619 557 664 se
606 601 843 666 tenuit.
909 599 1143 664 Tertio
1200 599 1311 663 die
1369 598 1639 663 silentio
1693 596 1937 674 noctiS,
1987 598 2239 662 omissa
2298 616 2423 680 spe
2472 594 2679 659 Nolae

479 702 846 786 potiundae,
900 704 994 767 rei
1022 722 1380 786 ·nunquam
1432 721 1746 786 prospere
1803 706 2103 775 tentatae,
2154 701 2523 766 Tarentum
2588 697 2677 763 ad

481 807 826 871 certiorem
851 826 1037 889 spem
1070 804 1465 889 proditionis
1496 805 1963 889 proficiscitur.

535 905 676 974 ⁹18.
722 909 873 974 Nee
899 911 1152 974 minore
1183 910 1405 974 animo
1438 927 1550 973 res
1584 907 1898 974 Romana
1925 908 2132 984 domi,
2164 927 2365 993 quam
2396 904 2681 981 militiae,

483 1011 914 1096 gerebatur.¹⁶
984 1011 1334 1089 CensoreS,
1363 1013 1564 1078 vacui
1593 1013 1681 1076 ab
1714 1031 1994 1095 operum
2022 1011 2462 1077 locandorum
2497 1031 2683 1087 cura,

482 1124 756 1200 propter
802 1116 1099 1198 inopiam
1154 1113 1395 1194 aerarii,
1428 1115 1516 1180 ad
1548 1134 1765 1179 mores
1803 1114 2139 1179 bominum
2174 1113 2501 1196 regendos
2543 1114 2688 1177 ani·

484 1238 664 1284 mum
697 1218 1113 1285 adverterunt
1156 1216 1685 1301 castigandaque
1734 1217 1922 1294 vitia,
1954 1236 2146 1300 ‚quae,
2188 1217 2371 1281 velut
2408 1213 2691 1280 diutinis

482 1322 732 1386 morbis
761 1340 941 1401 aegra
971 1340 1255 1404 corpora
1283 1338 1373 1384 ex
1403 1340 1479 1384 se
1510 1323 1807 1403 gignunt,
1830 1330 1988 1385 nata
2010 1320 2186 1386 bello
2209 1326 2475 1384 erant.¹⁷
2537 1318 2687 1382 Pri-

483 1443 669 1489 mum
699 1443 819 1487 eos
845 1423 1238 1499 citaverunt,
1261 1424 1381 1507 qui
1407 1429 1564 1507 post
1587 1422 2006 1489 Cannensem
2033 1441 2325 1507 pugnam
2351 1440 2487 1485 rem
2516 1421 2691 1503 pub·

484 1527 686 1592 licam
735 1526 1118 1591 deseruisse
1176 1526 1512 1610 Italiaque
1567 1526 1955 1590 excessisse
2028 1524 2200 1589 velle
2268 1522 2691 1588 dicebantur.

486 1629 814 1715 Princeps
842 1649 1073 1696 eorum
1102 1630 1184 1695 L.
1216 1628 1543 1693 Caecilius
1575 1628 1899 1694 Metellus
1924 1626 1975 1665 ¹⁸
2016 1634 2316 1710 quaestor
2347 1633 2489 1689 tum
2517 1622 2691 1690 forte

487 1740 653 1797 erat.
739 1733 784 1797 J
791 1753 954 1798 usso
984 1731 1226 1797 deinde
1259 1751 1342 1796 eo
1375 1731 1746 1814 ceterisque
1772 1729 2077 1815 ejusdem
2106 1748 2308 1793 noxae
2350 1729 2488 1793 reis
2525 1746 2695 1792 cau-

485 1855 632 1901 sam
664 1836 901 1914 dicere,
931 1855 1085 1900 cum
1128 1835 1392 1919 purgari
1441 1833 1854 1916 nequissent,-
1898 1833 2432 1916 pronuntiarunt,
2477 1831 2691 1895 verba

487 1939 988 2022 orationemque
1046 1959 1166 2004 eos
1219 1938 1544 2002 adversus
1592 1956 1731 2003 rem
1787 1937 2129 2021 publicam
2177 1935 2518 2010 habuisse,
2558 1952 2696 2016 quo

489 2042 861 2127 conjuratio
892 2041 1283 2107 deserendae
1327 2042 1551 2107 Italiae
1599 2060 1811 2106 eausa
1852 2040 2063 2104 fieret.
2150 2037 2534 2109 Secundum
2576 2055 2696 2101 eos

489 2146 682 2210 citati
734 2146 933 2210 nimis
985 2145 1217 2212 callidi
1269 2144 1675 2211 exsolvendi
1708 2145 1883 2229 juris
1933 2142 2203 2227 jurandi
2250 2142 2697 2225 ⁴interpretem

492 2250 607 2331 qui
641 2249 1092 2332 captivorum,
1128 2268 1220 2314 ex
1265 2249 1500 2315 itinere
1541 2249 1824 2330 regressi
1869 2249 2046 2312 clam
2078 2248 2145 2308 iu
2179 2253 2403 2310 castra
2432 2243 2698 2308 Hanni-

489 2351 686 2428 halis,
727 2351 1049 2428 solutum,
1087 2351 1271 2436 quod
1306 2352 1694 2436 juraverant
1734 2350 2093 2426 redituroS‚
2134 2349 2471 2413 rebantur.
2559 2346 2699 2410 His

493 2454 1084 2539 superioribusque
1136 2454 1269 2517 illis
1324 2453 1479 2537 equi
1530 2452 1803 2531 ademti,
1846 2454 1966 2536 qui
2015 2450 2361 2535 publicum
2408 2456 2701 2533 equum⁸

491 2553 867 2635 habebant3
912 2557 1220 2641 tribuque
1266 2557 1454 2633 moti,
1502 2555 1718 2620 aerarii
1747 2574 1977 2619 omnes
2010 2551 2223 2619 sacti.¹·
2313 2553 2565 2637 Neque
2596 2571 2703 2615 se-

493 2663 648 2721 natu
702 2656 901 2721 modo
945 2665 1061 2723 aut
1108 2656 1409 2741 equestri
1461 2657 1685 2722 ordine
1732 2656 2021 2739 regendo
2052 2676 2212 2723 cura
2243 2676 2318 2721 se
2350 2673 2703 2720 censorum

494 2761 759 2825 tenuit.‘
846 2758 1150 2824 Nomina
1186 2760 1477 2824 omnium
1531 2777 1621 2823 ex
1665 2758 2006 2842 juniorum
2051 2759 2297 2825 tabulis
2341 2777 2702 2841 excerpse-

495 2871 676 2940 runt,
711 2861 828 2945 qui
861 2862 1299 2946 quadriennio
1342 2883 1476 2927 non
1504 2862 1928 2940 militassent,
1971 2863 2223 2946 quibus
2252 2880 2472 2944 neque
2500 2879 2702 2927 vaca·

496 2967 593 3031 tio
630 2965 818 3049 justa
840 2967 1119 3044 militiae,
1153 2987 1368 3053 neque
1402 2969 1670 3033 morbus
1698 2974 1935 3033 'causa
1976 2963 2255 3031 fuisset.¹
2341 2965 2437 3030 Et
2478 2984 2561 3031 ea
2590 2983 2701 3029 su·

565 3167 727 3216 ‘Nec
751 3169 962 3217 contenti
984 3168 1126 3229 suere
1145 3183 1359 3220 emeret
1380 3169 1613 3220 Senatum
1632 3174 1821 3219 tunnam
1840 3175 1925 3220 aut
1946 3168 2125 3232 equites
2142 3170 2384 3228 ordinare,
2402 3169 2487 3219 ned
2502 3170 2709 3233 dunip-

500 3236 664 3280 terunt
683 3246 746 3280 ex
766 3233 1058 3282 censualibus
1083 3234 1259 3283 tubulis
1279 3249 1436 3284 eorum
1456 3235 1667 3299 nonina,
1688 3236 1769 3300 qui
1785 3235 2114 3296 cumJuniores
2133 3240 2307 3299 aaut,
2326 3232 2517 3283 militia
2540 3249 2711 3285 nonen

498 3297 717 3360 proximo
737 3298 1047 3362 quadriennio
1067 3315 1160 3348 non
1183 3301 1432 3350 dederunt.

1423 3428 1480 3448 00
1484 3427 1788 3450 mnoe‘u

571 3531 634 3576 16
669 3526 894 3577 Romame
913 3563 928 3577 .
945 3563 958 3579 .
978 3561 990 3576 .
1008 3528 1322 3589 ,gerebantur
1354 3527 1489 3578 Edd.
1516 3534 1638 3577 ante
1674 3528 2033 3579 Gronov—1⁷
2069 3528 2085 3555 ‘
2112 3528 2235 3578 Pnt.
2267 3529 2490 3590 σι’,ςτιιιιιῄ
2511 3536 2713 3581 σακία

507 3591 626 3641 bello
649 3599 802 3643 erunt.
871 3592 953 3643 An
977 3591 1134 3659 forte,
1170 3600 1282 3643 tunc
1302 3599 1475 3644 enata?
1526 3593 1581 3645 J.
1602 3594 1661 3643 F.
1687 3594 1917 3644 Gronov.
1982 3593 2101 3643 Vid.
2124 3593 2250 3646 Not.
2274 3594 2535 3645 Van—18
2571 3595 2711 3646 Add.

1499 3767 1718 3819 NOTAE

576 3873 601 3907 ⁸
629 3864 880 3914 Public-um
896 3864 1087 3929 equum]
1111 3868 1190 3916 De
1207 3881 1341 3930 equo
1360 3864 1570 3930 publico
1651 3866 1780 3917 baut
1818 3865 2108 3930 ignominie
2140 3882 2321 3918 eausa:
2364 3881 2533 3930 neque
2572 3868 2716 3919 eni-

507 3946 683 3992 auten.
1649 3945 1884 3995 omnibus
1909 3946 2141 3996 tribubus
2154 3945 2422 3995 eliminare
2441 3953 2717 4009 poter-unq

573 4016 597 4052 Ι·
638 4016 872 4080 ΊῊὸιιφιε
891 4019 1030 4078 noti,
1047 4019 1216 4068 oemrii
1237 4032 1392 4068 onnes
1412 4019 1569 4086 fadi]
1652 4020 1838 4086 alioqui
1864 4035 1893 4071 e
1918 4036 2127 4072 numero
2148 4022 2339 4071 civium
2364 4022 2717 4073 Romanor-u·

506 4093 670 4145 Tribu
693 4094 967 4143 movebant
989 4109 1232 4145 censores
1250 4110 1366 4145 cum
1393 4110 1460 4145 ex
1481 4098 1573 4147 ho·
1651 4098 1859 4145 omuino
1881 4097 2221 4147 sustulissent·

507 4173 737 4221 nentiore
761 4170 921 4231 tribu,
944 4171 1137 4220 rustica
1159 4177 1307 4235 puta,
1329 4172 1382 4221 in
1405 4175 1572 4224 minu·
1721 4171 1735 4205 ¹
1766 4173 1945 4229 Quibu-
1966 4188 2108 4236 neque
2123 4173 2311 4224 modio
2332 4174 2477 4234 jum
2504 4173 2717 4231 naute,

507 4248 794 4310 honestam,
814 4245 976 4296 veluti
1001 4245 1268 4304 urbanam,
1292 4246 1573 4300 transfere·
1652 4263 1798 4312 neque
1817 4248 2004 4299 morbus
2017 4248 2370 4314 carrufum]
2400 4249 2667 4301 Imma
2681 4266 2717 4302 u
