3025 4892
900 355 1106 408 mum
1155 355 1297 408 xx.
1336 355 1980 410 surranum-uu.
2381 341 2556 408 1642

338 498 857 579 censeresLsgem
892 498 1193 562 Metilium
1237 500 1314 563 ds
1348 500 1679 563 fullonibus
1712 500 1792 562 ad
1835 500 2114 583 populum
2141 500 2226 562 se-
2285 509 2294 516 “

334 596 581 662 rendam
605 595 860 658 dedere:
903 616 978 658 ne
1002 598 1291 660 minorum
1331 598 1570 679 quidem
1610 617 1803 660 rerum
1836 617 2041 658 euram
2081 598 2230 658 tanti

334 694 713 772 magistratus
737 693 1035 772 festigium
1062 693 1347 754 dedecere
1375 694 1506 753 rati.

415 795 519 852 59,
562 789 690 850 Per
726 789 887 852 idem
910 798 1143 870 tempus
1165 788 1513 871 Illyriorum
1537 789 1783 850 rebellio
1804 798 2072 850 senatum
2096 807 2222 848 mo-

331 886 453 956 vit,
477 893 545 946 ut
568 884 666 946 Μ.
706 885 882 948 Livio
908 885 1001 945 Μ.
1041 885 1115 948 F.
1142 885 1236 946 M.
1265 884 1355 946 N.
1384 885 1730 957 Salinatori,
1762 885 1831 945 L.
1859 885 2107 945 AEmilin
2134 883 2230 944 M.
2286 901 2442 968 Polyb
2442 918 2554 952 11111

334 980 411 1041 F.
444 979 674 1044 Paullo
695 974 1068 1044 consulibus⁴
1101 983 1458 1062 provinciam
1484 982 1652 1042 illam
1686 979 2011 1042 mandaret.
2069 980 2229 1041 Con·
2256 972 2336 1020 ¹⁸·

330 1085 435 1138 tra
460 1075 803 1138 Demetrium
825 1078 1049 1138 bellum
1074 1078 1282 1159 etipse
1308 1078 1467 1138 haud
1493 1079 1749 1156 segniter
1772 1096 2114 1158 comparare
2141 1078 2229 1137 in-

330 1174 548 1246 stituit,
574 1173 777 1234 valido
802 1174 1074 1254 praesidio
1101 1173 1408 1234 Dimalum
1435 1175 1631 1245 misso,
1654 1174 2014 1255 provisisque
2041 1172 2228 1232 omni-

330 1270 468 1340 bus,
496 1289 747 1350 quorum
779 1268 859 1330 ad
885 1269 1121 1348 longam
1143 1269 1544 1332 sustinendam
1570 1268 1933 1330 obsidionem
1959 1288 2097 1328 usus
2121 1277 2230 1328 est.

333 1365 717 1432 Quibusdam
742 1364 889 1428 locis
912 1364 1345 1428 interficiendos
1375 1367 1610 1426 curavit
1633 1366 1946 1446 principes,
1982 1363 2058 1423 de
2080 1383 2229 1444 quo-

330 1481 467 1524 rum
496 1460 616 1522 fids
647 1460 981 1533 dubitabat,
1017 1461 1267 1541 aliisque
1292 1462 1404 1522 sibi
1439 1461 1695 1522 addictis
1716 1461 1974 1539 regimen
2000 1459 2231 1520 urbium

332 1556 620 1618 tradidit:
662 1577 739 1617 ex
765 1558 924 1624 omni
951 1576 1091 1618 vero
1116 1576 1296 1636 reg-no
1319 1557 1617 1618 delectum
1663 1558 1861 1626 robur,
1887 1575 1991 1616 sex
2040 1554 2233 1615 millia

329 1654 615 1734 virorum,
639 1673 839 1714 secum
864 1652 942 1713 ad
968 1652 1302 1734 praesidium
1330 1652 1522 1716 Phari
1562 1652 1815 1733 retinuit.
1901 1650 2066 1711 Dum
2102 1651 2231 1711 haec
2273 1676 2346 1725 Po
2316 1677 2449 1743 olyb
2468 1692 2553 1727 m,

329 1757 614 1828 aguntur,
643 1748 713 1809 L.
740 1749 977 1812 Paulus
1012 1748 1216 1810 consul
1244 1749 1431 1829 primo
1458 1768 1597 1809 vere
1633 1746 1953 1829 profectus,
1984 1747 2044 1808 in
2074 1745 2230 1856 Illy·
2256 1745 2508 1872 ¹12³de
2467 1815 2532 1852 m

330 1846 526 1906 ticum
550 1846 742 1907 venit:
783 1844 1203 1924 intellectoque
1228 1864 1502 1924 magnam
1530 1863 1654 1905 esse
1680 1844 1944 1906 hostibus
1966 1861 2130 1923 spem
2168 1863 2230 1904 m
2255 1874 2335 1924 18

331 1941 762 2013 munitionibus
788 1940 1039 2013 Dimali,
1067 1960 1244 2021 quem
1283 1940 1479 2002 locum
1517 1939 2032 2048 inexpugnabilem
2058 1947 2230 2020 puta-

330 2038 509 2109 bant,
536 2046 697 2100 rums
724 2037 1047 2119 plurimum
1071 2036 1208 2096 inde
1250 2036 1485 2098 terroris
1507 2037 1813 2107 oriturum,
1838 2035 1888 2095 si
1921 2036 2086 2096 hune
2123 2055 2232 2096 ex-

330 2142 675 2214 pugnasset,
712 2142 881 2196 tenta
900 2153 1011 2196 sua
1034 2132 1403 2259 militumque
1445 2132 1753 2194 alacritate
1779 2140 1869 2192 est
1907 2150 2231 2240 aggressa,

330 2239 403 2290 ut
440 2230 695 2311 septimo
729 2250 909 2311 quam
947 2229 1308 2310 oppugnari¹
1313 2228 1573 2309 'coepta
1606 2236 1758 2289 esset
1780 2226 1877 2288 die
1905 2227 1965 2286 vi
1990 2246 2232 2335 capere-

329 2335 454 2390 tur
541 2325 763 2406 Neque
786 2325 971 2386 falsus
1002 2325 1117 2385 fuit
1139 2324 1335 2385 animo
1357 2325 1587 2396 consul,
1613 2342 1931 2404 sparsaque
1956 2341 2060 2402 per
2085 2323 2231 2381 vici-

330 2442 478 2486 nam
504 2423 798 2502 regionem
821 2422 1002 2492 fama,
1027 2420 1332 2482 confestim
1364 2439 1443 2482 ex
1467 2419 1741 2480 omnibus
1763 2418 2004 2482 urbibus
2036 2413 2230 2478 orato-

331 2539 428 2580 res
452 2538 693 2591 venere,
710 2539 773 2580 se
799 2537 1023 2598 suaque
1043 2517 1242 2577 omnia
1266 2515 1560 2576 Romanis
1582 2513 1857 2576 dedituri.

414 2622 523 2676 60.
582 2614 820 2681 Quibus
842 2681 848 2687 ,
870 2614 929 2674 ἰιι
972 2611 1153 2676 fidem
1193 2612 1442 2691 receptis
1492 2611 1765 2671 Pharum
1805 2608 2079 2680 insulam,
2127 2608 2229 2668 ubi

334 2709 635 2772 Demetrii
670 2711 834 2790 regia
870 2719 1018 2781 erat,
1083 2708 1271 2789 potiit.
1357 2707 1560 2774 Quam
1600 2705 1701 2765 ubi
1738 2705 2040 2785 copiarum
2072 2703 2230 2764 omni

334 2827 554 2886 genere
579 2806 873 2879 refertam,
902 2804 1458 2884 fortissimorumque
1485 2802 1741 2863 virorum
1768 2799 2059 2881 praesidio,
2102 2808 2229 2860 tum

331 2904 455 2966 situ
476 2904 888 2986 operibusque,
917 2901 1124 2962 adhoec
1177 2899 1488 2981 praesentia
1527 2897 1759 2978 tyranni
1793 2896 2076 2956 munitam
2104 2915 2229 2956 esse

330 2999 740 3068 dididicisset3
784 3017 1007 3058 moram
1032 2995 1349 3056 obsidionis
1371 2996 1614 3064 veritus,
1651 3001 1842 3052 astum
1866 2993 2230 3069 excogitavit

332 3095 744 3160 accelerandae
767 3093 1027 3156 victoriae
1052 3111 1169 3152 non
1197 3091 1482 3154 inutilem.
1567 3089 1815 3149 Partem
1847 3089 2004 3148 enim
2040 3089 2230 3166 majo-

332 3213 462 3253 rem
488 3191 801 3262 exercitus,
827 3198 1004 3252 noctu
1030 3188 1289 3266 trajectis
1304 3189 1510 3267 copiis,
1529 3186 1586 3245 in
1605 3184 1857 3266 sylvosis
1880 3183 2232 3264 quibusdam

332 3288 600 3352 callibus
632 3286 925 3348 occuluit:
988 3286 1111 3365 ipse
1155 3303 1291 3352 eum
1338 3283 1587 3344 navibus
1628 3280 1833 3359 viginti
1887 3279 2017 3339 luce
2068 3279 2234 3340 clara

336 3385 675 3466 proximum
699 3383 831 3443 urbi
868 3390 1096 3462 portum
1124 3388 1346 3460 petum,
1372 3378 1578 3438 elicuit
1603 3376 1880 3448 Pharios,
1908 3376 2057 3435 inter
2082 3395 2232 3455 quos

334 3483 467 3562 ipse
515 3478 852 3540 Demetrius
898 3476 978 3537 ad
1032 3474 1451 3557 prohibendam
1502 3473 1754 3534 hostium
1798 3471 2232 3534 exscensionem
2337 3493 2344 3500 ³

334 3576 691 3640 accucurrit.
790 3574 1077 3635 Conserto
1120 3572 1436 3634 certamine
1477 3571 1676 3652 plures
1715 3569 1987 3640 subinde,
2027 3578 2095 3629 ut
2134 3568 2227 3639 fit,

332 3675 462 3735 suis
498 3673 730 3734 auxilio
763 3672 1083 3742 venientes,
1130 3669 1208 3730 ad
1247 3678 1577 3730 extremum
1613 3667 1773 3727 omni
1813 3665 1933 3725 sere
1961 3663 2231 3745 prasidio

333 3763 684 3832 militarium
727 3769 979 3830 virorum
1026 3766 1225 3826 urbem
1275 3763 1592 3825 nudavere.
1693 3763 1928 3823 Interea
1970 3760 2232 3821 Romani

335 3869 449 3949 qui
467 3876 647 3929 noctu
668 3863 1111 3936 ascenderant,
1134 3863 1333 3922 itinere
1348 3881 1452 3942 per
1466 3869 1624 3920 tecta
1651 3859 1783 3920 loca
1811 3857 1989 3930 facto,
2016 3855 2228 3918 collem

865 4028 926 4075 12
960 4021 1092 4074 add.
1113 4028 1231 4072 ante
1254 4022 1408 4072 Crev.
1426 4035 1717 4086 oppugnare.

1113 4146 1469 4172 ‘mecm

941 4213 971 4250 ⁴
1002 4214 1069 4268 A.
1092 4215 1158 4266 U.
1182 4214 1243 4266 C.
1265 4217 1381 4266 5⁸³.
1414 4213 1480 4266 A.
1506 4214 1567 4265 C·
1586 4218 1700 4265 219.
