<?xml version="1.0" encoding="UTF-8"?>
<!DOCTYPE html PUBLIC "-//W3C//DTD XHTML 1.0 Transitional//EN"
    "http://www.w3.org/TR/xhtml1/DTD/xhtml1-transitional.dtd">
<html xmlns="http://www.w3.org/1999/xhtml" xml:lang="en" lang="en">
 <head>
  <title>
</title>
<meta http-equiv="Content-Type" content="text/html;charset=utf-8" />
  <meta name='ocr-system' content='tesseract 3.04.00' />
  <meta name='ocr-capabilities' content='ocr_page ocr_carea ocr_par ocr_line ocrx_word'/>
</head>
<body>
  <div class='ocr_page' id='page_1' title='image "./tliviipatavinih04unkngoog_0536.png"; bbox 0 0 3025 4892; ppageno 0'>
   <div class='ocr_carea' id='block_1_1' title="bbox 523 325 1774 393">
    <p class='ocr_par' dir='ltr' id='par_1_1' title="bbox 523 325 1774 393">
     <span class='ocr_line' id='line_1_1' title="bbox 523 325 1774 393; baseline -0.004 -2"><span class='ocrx_word' id='word_1_1' title='bbox 523 325 697 393; x_wconf 77' lang='lat'><strong>1912</strong></span> <span class='ocrx_word' id='word_1_2' title='bbox 1469 338 1537 388; x_wconf 81' lang='lat' dir='ltr'><strong>T.</strong></span> <span class='ocrx_word' id='word_1_3' title='bbox 1587 336 1774 387; x_wconf 76' lang='lat' dir='ltr'><strong>mvn</strong></span> 
     </span>
    </p>
   </div>
   <div class='ocr_carea' id='block_1_2' title="bbox 524 480 2746 2517">
    <p class='ocr_par' dir='ltr' id='par_1_2' title="bbox 524 480 2746 1799">
     <span class='ocr_line' id='line_1_2' title="bbox 524 480 2735 566; baseline -0.005 -14"><span class='ocrx_word' id='word_1_4' title='bbox 524 483 1021 552; x_wconf 87' lang='lat' dir='ltr'><strong>conditionibus</strong></span> <span class='ocrx_word' id='word_1_5' title='bbox 1050 483 1120 548; x_wconf 93' lang='lat' dir='ltr'><strong>in</strong></span> <span class='ocrx_word' id='word_1_6' title='bbox 1148 481 1377 551; x_wconf 80' lang='lat' dir='ltr'><strong>foedus</strong></span> <span class='ocrx_word' id='word_1_7' title='bbox 1408 482 1913 566; x_wconf 77' lang='lat' dir='ltr'><strong>amicitiamque</strong></span> <span class='ocrx_word' id='word_1_8' title='bbox 1946 495 2190 547; x_wconf 82' lang='lat' dir='ltr'><strong>novam</strong></span> <span class='ocrx_word' id='word_1_9' title='bbox 2210 480 2582 556; x_wconf 79' lang='lat' dir='ltr'><strong>transeant,</strong></span> <span class='ocrx_word' id='word_1_10' title='bbox 2613 494 2735 561; x_wconf 88' lang='lat' dir='ltr'><strong>pa-</strong></span> 
     </span>
     <span class='ocr_line' id='line_1_3' title="bbox 525 580 2735 670; baseline -0.005 -16"><span class='ocrx_word' id='word_1_11' title='bbox 525 608 671 654; x_wconf 84' lang='lat' dir='ltr'><strong>rum</strong></span> <span class='ocrx_word' id='word_1_12' title='bbox 705 594 1037 653; x_wconf 77' lang='lat' dir='ltr'><strong>constare.</strong></span> <span class='ocrx_word' id='word_1_13' title='bbox 1126 584 1238 653; x_wconf 88' lang='lat' dir='ltr'><strong>Ita</strong></span> <span class='ocrx_word' id='word_1_14' title='bbox 1279 587 1509 670; x_wconf 88' lang='lat' dir='ltr'><strong>spatio</strong></span> <span class='ocrx_word' id='word_1_15' title='bbox 1542 591 1793 662; x_wconf 89' lang='lat' dir='ltr'><strong>sumto,</strong></span> <span class='ocrx_word' id='word_1_16' title='bbox 1824 584 2097 668; x_wconf 82' lang='lat' dir='ltr'><strong>legatos</strong></span> <span class='ocrx_word' id='word_1_17' title='bbox 2123 600 2409 667; x_wconf 80' lang='lat' dir='ltr'><strong>propere</strong></span> <span class='ocrx_word' id='word_1_18' title='bbox 2439 580 2528 645; x_wconf 86' lang='lat' dir='ltr'><strong>ad</strong></span> <span class='ocrx_word' id='word_1_19' title='bbox 2559 599 2735 663; x_wconf 66' lang='lat' dir='ltr'><strong>prat-</strong></span> 
     </span>
     <span class='ocr_line' id='line_1_4' title="bbox 527 683 2736 771; baseline -0.006 -14"><span class='ocrx_word' id='word_1_20' title='bbox 527 699 746 757; x_wconf 87' lang='lat' dir='ltr'><strong>torem</strong></span> <span class='ocrx_word' id='word_1_21' title='bbox 779 690 1161 755; x_wconf 88' lang='lat' dir='ltr'><strong>Romanum</strong></span> <span class='ocrx_word' id='word_1_22' title='bbox 1196 688 1587 756; x_wconf 88' lang='lat' dir='ltr'><strong>Marcellum</strong></span> <span class='ocrx_word' id='word_1_23' title='bbox 1633 687 2014 765; x_wconf 87' lang='lat' dir='ltr'><strong>Claudium,</strong></span> <span class='ocrx_word' id='word_1_24' title='bbox 2039 686 2155 771; x_wconf 90' lang='lat' dir='ltr'><strong>qui</strong></span> <span class='ocrx_word' id='word_1_25' title='bbox 2196 683 2482 751; x_wconf 85' lang='lat' dir='ltr'><strong>Casilini</strong></span> <span class='ocrx_word' id='word_1_26' title='bbox 2501 689 2559 730; x_wconf 82' lang='lat'><strong>¹⁴</strong></span> <span class='ocrx_word' id='word_1_27' title='bbox 2586 699 2736 745; x_wconf 83' lang='lat' dir='ltr'><strong>cum</strong></span> 
     </span>
     <span class='ocr_line' id='line_1_5' title="bbox 528 784 2738 874; baseline -0.005 -16"><span class='ocrx_word' id='word_1_28' title='bbox 528 793 833 858; x_wconf 85' lang='lat' dir='ltr'><strong>exercitu</strong></span> <span class='ocrx_word' id='word_1_29' title='bbox 883 797 1077 869; x_wconf 84' lang='lat' dir='ltr'><strong>erat,¹¹</strong></span> <span class='ocrx_word' id='word_1_30' title='bbox 1127 791 1420 868; x_wconf 87' lang='lat' dir='ltr'><strong>mittunt,</strong></span> <span class='ocrx_word' id='word_1_31' title='bbox 1467 791 1875 874; x_wconf 78' lang='lat' dir='ltr'><strong>docentque,</strong></span> <span class='ocrx_word' id='word_1_32' title='bbox 1930 796 2188 873; x_wconf 92' lang='lat' dir='ltr'><strong>quanto</strong></span> <span class='ocrx_word' id='word_1_33' title='bbox 2229 788 2300 852; x_wconf 90' lang='lat' dir='ltr'><strong>in</strong></span> <span class='ocrx_word' id='word_1_34' title='bbox 2344 784 2738 850; x_wconf 80' lang='lat' dir='ltr'><strong>discrimine</strong></span> 
     </span>
     <span class='ocr_line' id='line_1_6' title="bbox 530 887 2740 976; baseline -0.005 -17"><span class='ocrx_word' id='word_1_35' title='bbox 530 895 622 960; x_wconf 85' lang='lat' dir='ltr'><strong>sit</strong></span> <span class='ocrx_word' id='word_1_36' title='bbox 652 892 929 959; x_wconf 86' lang='lat' dir='ltr'><strong>Nolana</strong></span> <span class='ocrx_word' id='word_1_37' title='bbox 959 912 1089 971; x_wconf 88' lang='lat' dir='ltr'><strong>res,</strong></span> <span class='ocrx_word' id='word_1_38' title='bbox 1112 912 1339 976; x_wconf 84' lang='lat' dir='ltr'><strong>agrum</strong></span> <span class='ocrx_word' id='word_1_39' title='bbox 1366 891 1778 958; x_wconf 77' lang='lat' dir='ltr'><strong>Hannibalis</strong></span> <span class='ocrx_word' id='word_1_40' title='bbox 1807 909 1959 956; x_wconf 87' lang='lat' dir='ltr'><strong>esse</strong></span> <span class='ocrx_word' id='word_1_41' title='bbox 1986 898 2056 956; x_wconf 90' lang='lat' dir='ltr'><strong>et</strong></span> <span class='ocrx_word' id='word_1_42' title='bbox 2085 890 2480 965; x_wconf 87' lang='lat' dir='ltr'><strong>Poenorum,</strong></span> <span class='ocrx_word' id='word_1_43' title='bbox 2505 887 2740 951; x_wconf 80' lang='lat' dir='ltr'><strong>urbem</strong></span> 
     </span>
     <span class='ocr_line' id='line_1_7' title="bbox 532 988 2742 1081; baseline -0.005 -19"><span class='ocrx_word' id='word_1_44' title='bbox 532 996 876 1081; x_wconf 81' lang='lat' dir='ltr'><strong>extemplo</strong></span> <span class='ocrx_word' id='word_1_45' title='bbox 906 996 1220 1072; x_wconf 82' lang='lat' dir='ltr'><strong>suturam,</strong></span> <span class='ocrx_word' id='word_1_46' title='bbox 1247 994 1317 1059; x_wconf 93' lang='lat' dir='ltr'><strong>ni</strong></span> <span class='ocrx_word' id='word_1_47' title='bbox 1348 994 1806 1060; x_wconf 82' lang='lat' dir='ltr'><strong>subveniatur.</strong></span> <span class='ocrx_word' id='word_1_48' title='bbox 1892 991 2346 1059; x_wconf 85' lang='lat' dir='ltr'><strong>Concedendo</strong></span> <span class='ocrx_word' id='word_1_49' title='bbox 2375 988 2616 1074; x_wconf 85' lang='lat' dir='ltr'><strong>plebei</strong></span> <span class='ocrx_word' id='word_1_50' title='bbox 2643 1005 2742 1052; x_wconf 87' lang='lat' dir='ltr'><strong>se·</strong></span> 
     </span>
     <span class='ocr_line' id='line_1_8' title="bbox 529 1091 2743 1179; baseline -0.004 -16"><span class='ocrx_word' id='word_1_51' title='bbox 529 1104 785 1179; x_wconf 88' lang='lat' dir='ltr'><strong>natum,</strong></span> <span class='ocrx_word' id='word_1_52' title='bbox 813 1101 931 1164; x_wconf 91' lang='lat' dir='ltr'><strong>ubi</strong></span> <span class='ocrx_word' id='word_1_53' title='bbox 962 1099 1196 1177; x_wconf 81' lang='lat' dir='ltr'><strong>velint,</strong></span> <span class='ocrx_word' id='word_1_54' title='bbox 1221 1096 1608 1162; x_wconf 82' lang='lat' dir='ltr'><strong>defecturos</strong></span> <span class='ocrx_word' id='word_1_55' title='bbox 1633 1116 1731 1174; x_wconf 88' lang='lat' dir='ltr'><strong>se,</strong></span> <span class='ocrx_word' id='word_1_56' title='bbox 1763 1117 1847 1161; x_wconf 89' lang='lat' dir='ltr'><strong>ne</strong></span> <span class='ocrx_word' id='word_1_57' title='bbox 1879 1095 2160 1161; x_wconf 87' lang='lat' dir='ltr'><strong>deficere</strong></span> <span class='ocrx_word' id='word_1_58' title='bbox 2177 1091 2743 1179; x_wconf 73' lang='lat' dir='ltr'><strong>praefestinarent,</strong></span> 
     </span>
     <span class='ocr_line' id='line_1_9' title="bbox 532 1192 2745 1279; baseline -0.005 -11"><span class='ocrx_word' id='word_1_59' title='bbox 532 1202 860 1268; x_wconf 84' lang='lat' dir='ltr'><strong>effecisse.</strong></span> <span class='ocrx_word' id='word_1_60' title='bbox 949 1199 1348 1279; x_wconf 81' lang='lat' dir='ltr'><strong>Marcellus,</strong></span> <span class='ocrx_word' id='word_1_61' title='bbox 1379 1200 1785 1265; x_wconf 87' lang='lat' dir='ltr'><strong>collaudatis</strong></span> <span class='ocrx_word' id='word_1_62' title='bbox 1832 1198 2153 1277; x_wconf 88' lang='lat' dir='ltr'><strong>Nolanis,</strong></span> <span class='ocrx_word' id='word_1_63' title='bbox 2184 1195 2417 1262; x_wconf 87' lang='lat' dir='ltr'><strong>eadem</strong></span> <span class='ocrx_word' id='word_1_64' title='bbox 2466 1192 2745 1259; x_wconf 83' lang='lat' dir='ltr'><strong>simula-</strong></span> 
     </span>
     <span class='ocr_line' id='line_1_10' title="bbox 529 1295 2744 1385; baseline -0.005 -15"><span class='ocrx_word' id='word_1_65' title='bbox 529 1305 716 1370; x_wconf 84' lang='lat' dir='ltr'><strong>tione</strong></span> <span class='ocrx_word' id='word_1_66' title='bbox 744 1304 1006 1370; x_wconf 82' lang='lat' dir='ltr'><strong>extrahi</strong></span> <span class='ocrx_word' id='word_1_67' title='bbox 1038 1324 1175 1369; x_wconf 90' lang='lat' dir='ltr'><strong>rem</strong></span> <span class='ocrx_word' id='word_1_68' title='bbox 1205 1303 1276 1368; x_wconf 90' lang='lat' dir='ltr'><strong>in</strong></span> <span class='ocrx_word' id='word_1_69' title='bbox 1304 1323 1499 1368; x_wconf 89' lang='lat' dir='ltr'><strong>suum</strong></span> <span class='ocrx_word' id='word_1_70' title='bbox 1529 1302 1890 1367; x_wconf 86' lang='lat' dir='ltr'><strong>adventum</strong></span> <span class='ocrx_word' id='word_1_71' title='bbox 1924 1300 2174 1385; x_wconf 83' lang='lat' dir='ltr'><strong>jussit:</strong></span> <span class='ocrx_word' id='word_1_72' title='bbox 2217 1298 2482 1363; x_wconf 85' lang='lat' dir='ltr'><strong>interim</strong></span> <span class='ocrx_word' id='word_1_73' title='bbox 2512 1295 2744 1382; x_wconf 80' lang='lat' dir='ltr'><strong>celari,</strong></span> 
     </span>
     <span class='ocr_line' id='line_1_11' title="bbox 532 1397 2742 1493; baseline -0.005 -19"><span class='ocrx_word' id='word_1_74' title='bbox 532 1428 688 1493; x_wconf 82' lang='lat' dir='ltr'><strong>quae</strong></span> <span class='ocrx_word' id='word_1_75' title='bbox 735 1427 964 1472; x_wconf 88' lang='lat' dir='ltr'><strong>secum</strong></span> <span class='ocrx_word' id='word_1_76' title='bbox 999 1412 1157 1471; x_wconf 87' lang='lat' dir='ltr'><strong>acta</strong></span> <span class='ocrx_word' id='word_1_77' title='bbox 1184 1411 1431 1482; x_wconf 87' lang='lat' dir='ltr'><strong>essent,</strong></span> <span class='ocrx_word' id='word_1_78' title='bbox 1463 1425 1788 1490; x_wconf 88' lang='lat' dir='ltr'><strong>spemque</strong></span> <span class='ocrx_word' id='word_1_79' title='bbox 1819 1423 2087 1470; x_wconf 90' lang='lat' dir='ltr'><strong>omnem</strong></span> <span class='ocrx_word' id='word_1_80' title='bbox 2131 1401 2375 1467; x_wconf 77' lang='lat' dir='ltr'><strong>‘auxilii</strong></span> <span class='ocrx_word' id='word_1_81' title='bbox 2417 1397 2742 1464; x_wconf 79' lang='lat' dir='ltr'><strong>Romani.</strong></span> 
     </span>
     <span class='ocr_line' id='line_1_12' title="bbox 534 1501 2744 1596; baseline -0.004 -21"><span class='ocrx_word' id='word_1_82' title='bbox 534 1505 698 1596; x_wconf 88' lang='lat' dir='ltr'><strong>Ipse</strong></span> <span class='ocrx_word' id='word_1_83' title='bbox 729 1531 772 1576; x_wconf 91' lang='lat' dir='ltr'><strong>a</strong></span> <span class='ocrx_word' id='word_1_84' title='bbox 796 1508 1096 1576; x_wconf 88' lang='lat' dir='ltr'><strong>Casilino</strong></span> <span class='ocrx_word' id='word_1_85' title='bbox 1136 1508 1471 1574; x_wconf 85' lang='lat' dir='ltr'><strong>Calatiam</strong></span> <span class='ocrx_word' id='word_1_86' title='bbox 1500 1509 1707 1593; x_wconf 83' lang='lat' dir='ltr'><strong>petit:</strong></span> <span class='ocrx_word' id='word_1_87' title='bbox 1753 1516 1960 1594; x_wconf 91' lang='lat' dir='ltr'><strong>atque</strong></span> <span class='ocrx_word' id='word_1_88' title='bbox 1991 1505 2167 1585; x_wconf 89' lang='lat' dir='ltr'><strong>inde,</strong></span> <span class='ocrx_word' id='word_1_89' title='bbox 2191 1504 2530 1571; x_wconf 85' lang='lat' dir='ltr'><strong>Vulturno</strong></span> <span class='ocrx_word' id='word_1_90' title='bbox 2563 1501 2744 1567; x_wconf 85' lang='lat' dir='ltr'><strong>amni</strong></span> 
     </span>
     <span class='ocr_line' id='line_1_13' title="bbox 532 1611 2746 1698; baseline -0.004 -19"><span class='ocrx_word' id='word_1_91' title='bbox 532 1614 836 1697; x_wconf 87' lang='lat' dir='ltr'><strong>trajecto,</strong></span> <span class='ocrx_word' id='word_1_92' title='bbox 857 1631 1105 1698; x_wconf 85' lang='lat' dir='ltr'><strong>perque</strong></span> <span class='ocrx_word' id='word_1_93' title='bbox 1138 1631 1366 1696; x_wconf 84' lang='lat' dir='ltr'><strong>agrum</strong></span> <span class='ocrx_word' id='word_1_94' title='bbox 1392 1611 1857 1676; x_wconf 86' lang='lat' dir='ltr'><strong>Saticulanum</strong></span> <span class='ocrx_word' id='word_1_95' title='bbox 1882 1611 2434 1692; x_wconf 86' lang='lat' dir='ltr'><strong>Trebianumque</strong></span> <span class='ocrx_word' id='word_1_96' title='bbox 2458 1613 2510 1656; x_wconf 81' lang='lat'><strong>¹⁵</strong></span> <span class='ocrx_word' id='word_1_97' title='bbox 2539 1624 2746 1690; x_wconf 79' lang='lat' dir='ltr'><strong>super</strong></span> 
     </span>
     <span class='ocr_line' id='line_1_14' title="bbox 535 1713 2017 1799; baseline 0.001 -20"><span class='ocrx_word' id='word_1_98' title='bbox 535 1714 926 1780; x_wconf 86' lang='lat' dir='ltr'><strong>Suessulam</strong></span> <span class='ocrx_word' id='word_1_99' title='bbox 956 1733 1075 1797; x_wconf 86' lang='lat' dir='ltr'><strong>per</strong></span> <span class='ocrx_word' id='word_1_100' title='bbox 1104 1722 1371 1778; x_wconf 88' lang='lat' dir='ltr'><strong>montes</strong></span> <span class='ocrx_word' id='word_1_101' title='bbox 1404 1713 1656 1778; x_wconf 89' lang='lat' dir='ltr'><strong>Nolam</strong></span> <span class='ocrx_word' id='word_1_102' title='bbox 1691 1714 2017 1799; x_wconf 86' lang='lat' dir='ltr'><strong>pervenit.</strong></span> 
     </span>
    </p>

    <p class='ocr_par' dir='ltr' id='par_1_3' title="bbox 535 1813 2743 2517">
     <span class='ocr_line' id='line_1_15' title="bbox 621 1813 2742 1900; baseline -0.001 -20"><span class='ocrx_word' id='word_1_103' title='bbox 621 1816 731 1880; x_wconf 85' lang='lat'><strong>15.</strong></span> <span class='ocrx_word' id='word_1_104' title='bbox 778 1816 923 1880; x_wconf 91' lang='lat' dir='ltr'><strong>Sub</strong></span> <span class='ocrx_word' id='word_1_105' title='bbox 956 1816 1310 1881; x_wconf 85' lang='lat' dir='ltr'><strong>adventum</strong></span> <span class='ocrx_word' id='word_1_106' title='bbox 1342 1816 1645 1900; x_wconf 81' lang='lat' dir='ltr'><strong>praetoris</strong></span> <span class='ocrx_word' id='word_1_107' title='bbox 1669 1815 1960 1881; x_wconf 87' lang='lat' dir='ltr'><strong>Romani</strong></span> <span class='ocrx_word' id='word_1_108' title='bbox 1995 1814 2252 1882; x_wconf 81' lang='lat' dir='ltr'><strong>Poenus</strong></span> <span class='ocrx_word' id='word_1_109' title='bbox 2275 1834 2437 1898; x_wconf 86' lang='lat' dir='ltr'><strong>agro</strong></span> <span class='ocrx_word' id='word_1_110' title='bbox 2462 1813 2742 1879; x_wconf 87' lang='lat' dir='ltr'><strong>Nolano</strong></span> 
     </span>
     <span class='ocr_line' id='line_1_16' title="bbox 535 1916 2742 2003; baseline -0 -20"><span class='ocrx_word' id='word_1_111' title='bbox 535 1920 856 1998; x_wconf 81' lang='lat' dir='ltr'><strong>excessit,</strong></span> <span class='ocrx_word' id='word_1_112' title='bbox 886 1926 954 1984; x_wconf 89' lang='lat' dir='ltr'><strong>et</strong></span> <span class='ocrx_word' id='word_1_113' title='bbox 983 1918 1069 1984; x_wconf 86' lang='lat' dir='ltr'><strong>ad</strong></span> <span class='ocrx_word' id='word_1_114' title='bbox 1103 1936 1283 1983; x_wconf 87' lang='lat' dir='ltr'><strong>mare</strong></span> <span class='ocrx_word' id='word_1_115' title='bbox 1312 1917 1619 2001; x_wconf 80' lang='lat' dir='ltr'><strong>proxime</strong></span> <span class='ocrx_word' id='word_1_116' title='bbox 1645 1917 2010 2003; x_wconf 83' lang='lat' dir='ltr'><strong>Neapolim</strong></span> <span class='ocrx_word' id='word_1_117' title='bbox 2043 1917 2421 1993; x_wconf 81' lang='lat' dir='ltr'><strong>descendit.</strong></span> <span class='ocrx_word' id='word_1_118' title='bbox 2448 1916 2742 2001; x_wconf 83' lang='lat' dir='ltr'><strong>cupidus</strong></span> 
     </span>
     <span class='ocr_line' id='line_1_17' title="bbox 537 2020 2742 2107; baseline 0 -22"><span class='ocrx_word' id='word_1_119' title='bbox 537 2021 852 2087; x_wconf 89' lang='lat' dir='ltr'><strong>maritimi</strong></span> <span class='ocrx_word' id='word_1_120' title='bbox 909 2020 1148 2107; x_wconf 88' lang='lat' dir='ltr'><strong>oppidi</strong></span> <span class='ocrx_word' id='word_1_121' title='bbox 1205 2020 1534 2105; x_wconf 85' lang='lat' dir='ltr'><strong>potiundi,</strong></span> <span class='ocrx_word' id='word_1_122' title='bbox 1590 2039 1730 2104; x_wconf 92' lang='lat' dir='ltr'><strong>quo</strong></span> <span class='ocrx_word' id='word_1_123' title='bbox 1787 2041 2027 2086; x_wconf 89' lang='lat' dir='ltr'><strong>cursus</strong></span> <span class='ocrx_word' id='word_1_124' title='bbox 2081 2023 2367 2086; x_wconf 79' lang='lat' dir='ltr'><strong>navibus</strong></span> <span class='ocrx_word' id='word_1_125' title='bbox 2418 2027 2611 2085; x_wconf 86' lang='lat' dir='ltr'><strong>tutus</strong></span> <span class='ocrx_word' id='word_1_126' title='bbox 2659 2039 2742 2085; x_wconf 85' lang='lat' dir='ltr'><strong>ex</strong></span> 
     </span>
     <span class='ocr_line' id='line_1_18' title="bbox 538 2119 2743 2208; baseline -0.001 -18"><span class='ocrx_word' id='word_1_127' title='bbox 538 2123 776 2190; x_wconf 81' lang='lat' dir='ltr'><strong>Africa</strong></span> <span class='ocrx_word' id='word_1_128' title='bbox 826 2128 1030 2189; x_wconf 86' lang='lat' dir='ltr'><strong>esset.</strong></span> <span class='ocrx_word' id='word_1_129' title='bbox 1119 2120 1451 2200; x_wconf 87' lang='lat' dir='ltr'><strong>Ceterum,</strong></span> <span class='ocrx_word' id='word_1_130' title='bbox 1503 2128 1869 2206; x_wconf 82' lang='lat' dir='ltr'><strong>postquam</strong></span> <span class='ocrx_word' id='word_1_131' title='bbox 1916 2124 2281 2208; x_wconf 86' lang='lat' dir='ltr'><strong>Neapolim</strong></span> <span class='ocrx_word' id='word_1_132' title='bbox 2332 2142 2374 2187; x_wconf 91' lang='lat' dir='ltr'><strong>a</strong></span> <span class='ocrx_word' id='word_1_133' title='bbox 2421 2119 2743 2207; x_wconf 72' lang='lat' dir='ltr'><strong>praesecto</strong></span> 
     </span>
     <span class='ocr_line' id='line_1_19' title="bbox 542 2221 2742 2309; baseline -0.001 -18"><span class='ocrx_word' id='word_1_134' title='bbox 542 2225 856 2291; x_wconf 89' lang='lat' dir='ltr'><strong>Romano</strong></span> <span class='ocrx_word' id='word_1_135' title='bbox 889 2225 1086 2291; x_wconf 86' lang='lat' dir='ltr'><strong>teneri</strong></span> <span class='ocrx_word' id='word_1_136' title='bbox 1121 2223 1403 2309; x_wconf 86' lang='lat' dir='ltr'><strong>accepit,</strong></span> <span class='ocrx_word' id='word_1_137' title='bbox 1445 2221 1583 2308; x_wconf 88' lang='lat' dir='ltr'><strong>(M.</strong></span> <span class='ocrx_word' id='word_1_138' title='bbox 1611 2223 1657 2289; x_wconf 83' lang='lat' dir='ltr'><strong>J</strong></span> <span class='ocrx_word' id='word_1_139' title='bbox 1665 2225 1865 2289; x_wconf 88' lang='lat' dir='ltr'><strong>unius</strong></span> <span class='ocrx_word' id='word_1_140' title='bbox 1898 2223 2167 2289; x_wconf 88' lang='lat' dir='ltr'><strong>Silanus</strong></span> <span class='ocrx_word' id='word_1_141' title='bbox 2192 2223 2244 2263; x_wconf 87' lang='lat'><strong>¹⁶</strong></span> <span class='ocrx_word' id='word_1_142' title='bbox 2272 2229 2435 2303; x_wconf 78' lang='lat' dir='ltr'><strong>erat,</strong></span> <span class='ocrx_word' id='word_1_143' title='bbox 2458 2226 2549 2289; x_wconf 86' lang='lat' dir='ltr'><strong>ab</strong></span> <span class='ocrx_word' id='word_1_144' title='bbox 2581 2224 2742 2309; x_wconf 84' lang='lat' dir='ltr'><strong>ipsis</strong></span> 
     </span>
     <span class='ocr_line' id='line_1_20' title="bbox 546 2323 2742 2415; baseline -0 -21"><span class='ocrx_word' id='word_1_145' title='bbox 546 2328 1023 2415; x_wconf 85' lang='lat' dir='ltr'><strong>Neapolitanis</strong></span> <span class='ocrx_word' id='word_1_146' title='bbox 1064 2323 1387 2411; x_wconf 87' lang='lat' dir='ltr'><strong>accitus,)</strong></span> <span class='ocrx_word' id='word_1_147' title='bbox 1418 2325 1714 2411; x_wconf 88' lang='lat' dir='ltr'><strong>Neapoli</strong></span> <span class='ocrx_word' id='word_1_148' title='bbox 1747 2347 2046 2413; x_wconf 89' lang='lat' dir='ltr'><strong>quoquc,</strong></span> <span class='ocrx_word' id='word_1_149' title='bbox 2088 2327 2274 2393; x_wconf 88' lang='lat' dir='ltr'><strong>sicut</strong></span> <span class='ocrx_word' id='word_1_150' title='bbox 2302 2327 2515 2407; x_wconf 88' lang='lat' dir='ltr'><strong>Nola,</strong></span> <span class='ocrx_word' id='word_1_151' title='bbox 2549 2329 2742 2393; x_wconf 83' lang='lat' dir='ltr'><strong>omis-</strong></span> 
     </span>
     <span class='ocr_line' id='line_1_21' title="bbox 541 2428 2740 2517; baseline 0 -21"><span class='ocrx_word' id='word_1_152' title='bbox 541 2441 707 2511; x_wconf 85' lang='lat' dir='ltr'><strong>sa,¹⁷</strong></span> <span class='ocrx_word' id='word_1_153' title='bbox 738 2432 904 2517; x_wconf 86' lang='lat' dir='ltr'><strong>petit</strong></span> <span class='ocrx_word' id='word_1_154' title='bbox 925 2429 1339 2498; x_wconf 79' lang='lat' dir='ltr'><strong>Nuceriam.0</strong></span> <span class='ocrx_word' id='word_1_155' title='bbox 1426 2428 1595 2495; x_wconf 90' lang='lat' dir='ltr'><strong>Eam</strong></span> <span class='ocrx_word' id='word_1_156' title='bbox 1630 2450 1786 2496; x_wconf 89' lang='lat' dir='ltr'><strong>cum</strong></span> <span class='ocrx_word' id='word_1_157' title='bbox 1818 2431 2238 2517; x_wconf 83' lang='lat' dir='ltr'><strong>aliquamdiu</strong></span> <span class='ocrx_word' id='word_1_158' title='bbox 2271 2431 2740 2498; x_wconf 85' lang='lat' dir='ltr'><strong>circumsedis-</strong></span> 
     </span>
    </p>
   </div>
   <div class='ocr_carea' id='block_1_3' title="bbox 1457 2597 1822 2620">
    <p class='ocr_par' dir='ltr' id='par_1_4' title="bbox 1457 2597 1822 2620">
     <span class='ocr_line' id='line_1_22' title="bbox 1457 2597 1822 2620; baseline 0.003 -1"><span class='ocrx_word' id='word_1_159' title='bbox 1457 2597 1822 2620; x_wconf 63' lang='lat' dir='ltr'><strong>OOOOOOOOOOOO</strong></span> 
     </span>
    </p>
   </div>
   <div class='ocr_carea' id='block_1_4' title="bbox 533 2695 2748 3218">
    <p class='ocr_par' dir='ltr' id='par_1_5' title="bbox 533 2695 2748 3218">
     <span class='ocr_line' id='line_1_23' title="bbox 551 2695 2742 2763; baseline 0.002 -19"><span class='ocrx_word' id='word_1_160' title='bbox 551 2695 885 2760; x_wconf 53' lang='lat' dir='ltr'><strong>Rapum—1⁴</strong></span> <span class='ocrx_word' id='word_1_161' title='bbox 904 2696 967 2746; x_wconf 86' lang='lat' dir='ltr'><strong>ln</strong></span> <span class='ocrx_word' id='word_1_162' title='bbox 985 2697 1295 2762; x_wconf 85' lang='lat' dir='ltr'><strong>quibusdam</strong></span> <span class='ocrx_word' id='word_1_163' title='bbox 1311 2697 1454 2747; x_wconf 78' lang='lat' dir='ltr'><strong>libris</strong></span> <span class='ocrx_word' id='word_1_164' title='bbox 1470 2699 1688 2755; x_wconf 73' lang='lat' dir='ltr'><strong>Canusii,</strong></span> <span class='ocrx_word' id='word_1_165' title='bbox 1705 2699 1850 2762; x_wconf 87' lang='lat' dir='ltr'><strong>prob.</strong></span> <span class='ocrx_word' id='word_1_166' title='bbox 1865 2698 2173 2763; x_wconf 74' lang='lat' dir='ltr'><strong>sigum—15</strong></span> <span class='ocrx_word' id='word_1_167' title='bbox 2196 2701 2211 2725; x_wconf 87' lang='lat'>‘</span> <span class='ocrx_word' id='word_1_168' title='bbox 2226 2699 2604 2762; x_wconf 66' lang='lat' dir='ltr'><strong>Trebianumque</strong></span> <span class='ocrx_word' id='word_1_169' title='bbox 2621 2698 2742 2749; x_wconf 66' lang='lat' dir='ltr'><strong>Mas.</strong></span> 
     </span>
     <span class='ocr_line' id='line_1_24' title="bbox 544 2761 2743 2828; baseline 0.001 -18"><span class='ocrx_word' id='word_1_170' title='bbox 544 2770 603 2811; x_wconf 79' lang='lat' dir='ltr'><strong>et</strong></span> <span class='ocrx_word' id='word_1_171' title='bbox 627 2761 760 2812; x_wconf 76' lang='lat' dir='ltr'><strong>Edd-</strong></span> <span class='ocrx_word' id='word_1_172' title='bbox 781 2769 901 2812; x_wconf 84' lang='lat' dir='ltr'><strong>ante</strong></span> <span class='ocrx_word' id='word_1_173' title='bbox 924 2763 1158 2813; x_wconf 65' lang='lat' dir='ltr'><strong>Gronov.</strong></span> <span class='ocrx_word' id='word_1_174' title='bbox 1192 2763 1282 2827; x_wconf 88' lang='lat' dir='ltr'><strong>qui</strong></span> <span class='ocrx_word' id='word_1_175' title='bbox 1305 2762 1465 2813; x_wconf 81' lang='lat' dir='ltr'><strong>tacite</strong></span> <span class='ocrx_word' id='word_1_176' title='bbox 1488 2778 1554 2814; x_wconf 81' lang='lat' dir='ltr'><strong>ex</strong></span> <span class='ocrx_word' id='word_1_177' title='bbox 1578 2766 1784 2815; x_wconf 80' lang='lat' dir='ltr'><strong>emend.</strong></span> <span class='ocrx_word' id='word_1_178' title='bbox 1809 2764 2039 2814; x_wconf 77' lang='lat' dir='ltr'><strong>Cluverii</strong></span> <span class='ocrx_word' id='word_1_179' title='bbox 2076 2765 2306 2828; x_wconf 73' lang='lat' dir='ltr'><strong>reposuit</strong></span> <span class='ocrx_word' id='word_1_180' title='bbox 2335 2764 2743 2826; x_wconf 58' lang='lat' dir='ltr'><strong>Trebulanisque,</strong></span> 
     </span>
     <span class='ocr_line' id='line_1_25' title="bbox 544 2822 2746 2894; baseline 0.001 -20"><span class='ocrx_word' id='word_1_181' title='bbox 544 2827 685 2890; x_wconf 79' lang='lat' dir='ltr'><strong>qtiod</strong></span> <span class='ocrx_word' id='word_1_182' title='bbox 718 2828 939 2885; x_wconf 83' lang='lat' dir='ltr'><strong>mireris,</strong></span> <span class='ocrx_word' id='word_1_183' title='bbox 974 2842 1094 2877; x_wconf 86' lang='lat' dir='ltr'><strong>cnm</strong></span> <span class='ocrx_word' id='word_1_184' title='bbox 1128 2827 1191 2877; x_wconf 84' lang='lat' dir='ltr'><strong>ad</strong></span> <span class='ocrx_word' id='word_1_185' title='bbox 1218 2827 1404 2892; x_wconf 81' lang='lat' dir='ltr'><strong>Polyb.</strong></span> <span class='ocrx_word' id='word_1_186' title='bbox 1426 2842 1518 2878; x_wconf 82' lang='lat' dir='ltr'><strong>nr.</strong></span> <span class='ocrx_word' id='word_1_187' title='bbox 1537 2822 1621 2879; x_wconf 74' lang='grc' dir='ltr'><strong>9ιῖ</strong></span> <span class='ocrx_word' id='word_1_188' title='bbox 1656 2837 1866 2880; x_wconf 86' lang='lat' dir='ltr'><strong>moneat</strong></span> <span class='ocrx_word' id='word_1_189' title='bbox 1898 2829 2117 2881; x_wconf 65' lang='lat' dir='ltr'><strong>stabiam</strong></span> <span class='ocrx_word' id='word_1_190' title='bbox 2147 2844 2272 2893; x_wconf 82' lang='lat' dir='ltr'><strong>opp.</strong></span> <span class='ocrx_word' id='word_1_191' title='bbox 2300 2828 2606 2894; x_wconf 60' lang='lat' dir='ltr'><strong>Campania</strong></span> <span class='ocrx_word' id='word_1_192' title='bbox 2641 2835 2746 2893; x_wconf 76' lang='lat' dir='ltr'><strong>post</strong></span> 
     </span>
     <span class='ocr_line' id='line_1_26' title="bbox 533 2891 2744 2957; baseline 0.002 -19"><span class='ocrx_word' id='word_1_193' title='bbox 533 2892 718 2955; x_wconf 74' lang='lat' dir='ltr'><strong>jugttm</strong></span> <span class='ocrx_word' id='word_1_194' title='bbox 743 2892 1011 2942; x_wconf 74' lang='lat' dir='ltr'><strong>Calliculae</strong></span> <span class='ocrx_word' id='word_1_195' title='bbox 1033 2893 1221 2943; x_wconf 85' lang='lat' dir='ltr'><strong>montis</strong></span> <span class='ocrx_word' id='word_1_196' title='bbox 1245 2891 1425 2956; x_wconf 70' lang='lat' dir='ltr'><strong>fouisse,</strong></span> <span class='ocrx_word' id='word_1_197' title='bbox 1447 2901 1504 2944; x_wconf 88' lang='lat' dir='ltr'><strong>et</strong></span> <span class='ocrx_word' id='word_1_198' title='bbox 1526 2895 1693 2943; x_wconf 85' lang='lat' dir='ltr'><strong>adbuc</strong></span> <span class='ocrx_word' id='word_1_199' title='bbox 1714 2908 1897 2945; x_wconf 84' lang='lat' dir='ltr'><strong>nomen</strong></span> <span class='ocrx_word' id='word_1_200' title='bbox 1921 2909 2148 2957; x_wconf 77' lang='lat' dir='ltr'><strong>servare,</strong></span> <span class='ocrx_word' id='word_1_201' title='bbox 2171 2894 2379 2944; x_wconf 73' lang='lat' dir='ltr'><strong>rusticis</strong></span> <span class='ocrx_word' id='word_1_202' title='bbox 2397 2903 2576 2944; x_wconf 84' lang='lat' dir='ltr'><strong>antem</strong></span> <span class='ocrx_word' id='word_1_203' title='bbox 2603 2896 2744 2954; x_wconf 73' lang='lat' dir='ltr'><strong>vulgo</strong></span> 
     </span>
     <span class='ocr_line' id='line_1_27' title="bbox 550 2955 2747 3023; baseline 0 -17"><span class='ocrx_word' id='word_1_204' title='bbox 550 2957 728 3018; x_wconf 72' lang='lat' dir='ltr'><strong>Tregla</strong></span> <span class='ocrx_word' id='word_1_205' title='bbox 772 2955 891 3005; x_wconf 85' lang='lat' dir='ltr'><strong>dici.</strong></span> <span class='ocrx_word' id='word_1_206' title='bbox 957 2958 1268 3008; x_wconf 80' lang='lat' dir='ltr'><strong>Emendatio</strong></span> <span class='ocrx_word' id='word_1_207' title='bbox 1312 2964 1487 3009; x_wconf 84' lang='lat' dir='ltr'><strong>tamen</strong></span> <span class='ocrx_word' id='word_1_208' title='bbox 1529 2958 1618 3008; x_wconf 89' lang='lat' dir='ltr'><strong>illa</strong></span> <span class='ocrx_word' id='word_1_209' title='bbox 1653 2959 1934 3023; x_wconf 85' lang='lat' dir='ltr'><strong>probabilis</strong></span> <span class='ocrx_word' id='word_1_210' title='bbox 1966 2960 2028 3010; x_wconf 80' lang='lat' dir='ltr'><strong>fit</strong></span> <span class='ocrx_word' id='word_1_211' title='bbox 2067 2974 2131 3009; x_wconf 86' lang='lat' dir='ltr'><strong>ex</strong></span> <span class='ocrx_word' id='word_1_212' title='bbox 2173 2961 2287 3009; x_wconf 88' lang='lat' dir='ltr'><strong>loco</strong></span> <span class='ocrx_word' id='word_1_213' title='bbox 2326 2960 2482 3008; x_wconf 80' lang='lat' dir='ltr'><strong>simili</strong></span> <span class='ocrx_word' id='word_1_214' title='bbox 2519 2973 2638 3021; x_wconf 85' lang='lat' dir='ltr'><strong>cap.</strong></span> <span class='ocrx_word' id='word_1_215' title='bbox 2676 2963 2747 3008; x_wconf 71' lang='lat'><strong>³9.</strong></span> 
     </span>
     <span class='ocr_line' id='line_1_28' title="bbox 544 3022 2748 3100; baseline 0.001 -30"><span class='ocrx_word' id='word_1_216' title='bbox 544 3022 561 3047; x_wconf 85' lang='lat'>‘</span> <span class='ocrx_word' id='word_1_217' title='bbox 590 3028 942 3084; x_wconf 71' lang='lat' dir='ltr'><strong>transgressus</strong></span> <span class='ocrx_word' id='word_1_218' title='bbox 964 3024 1278 3073; x_wconf 87' lang='lat' dir='ltr'><strong>Vulturnum</strong></span> <span class='ocrx_word' id='word_1_219' title='bbox 1306 3022 1497 3073; x_wconf 82' lang='lat' dir='ltr'><strong>Fabius</strong></span> <span class='ocrx_word' id='word_1_220' title='bbox 1522 3031 1579 3100; x_wconf 72' lang='lat' dir='ltr'><strong>et</strong></span> <span class='ocrx_word' id='word_1_221' title='bbox 1600 3024 1881 3075; x_wconf 80' lang='lat' dir='ltr'><strong>Trebulam</strong></span> <span class='ocrx_word' id='word_1_222' title='bbox 1912 3033 1968 3075; x_wconf 85' lang='lat' dir='ltr'><strong>et</strong></span> <span class='ocrx_word' id='word_1_223' title='bbox 1991 3025 2270 3076; x_wconf 78' lang='lat' dir='ltr'><strong>Saticulam</strong></span> <span class='ocrx_word' id='word_1_224' title='bbox 2291 3024 2448 3074; x_wconf 85' lang='lat' dir='ltr'><strong>urbes</strong></span> <span class='ocrx_word' id='word_1_225' title='bbox 2475 3025 2525 3074; x_wconf 77' lang='lat' dir='ltr'><strong>vi</strong></span> <span class='ocrx_word' id='word_1_226' title='bbox 2551 3023 2748 3086; x_wconf 82' lang='lat' dir='ltr'><strong>cepit.&#39;&#39;</strong></span> 
     </span>
     <span class='ocr_line' id='line_1_29' title="bbox 546 3086 2746 3218; baseline 0.001 -18"><span class='ocrx_word' id='word_1_227' title='bbox 546 3086 794 3200; x_wconf 61' lang='lat' dir='ltr'><strong>Rffin.</strong></span> <span class='ocrx_word' id='word_1_228' title='bbox 815 3086 2449 3218; x_wconf 44' lang='lat' dir='ltr'><strong>am23:3233033435332335‘32&#39;45‘32132323„</strong></span> <span class='ocrx_word' id='word_1_229' title='bbox 2473 3153 2608 3204; x_wconf 60' lang='lat' dir='ltr'><strong>ma.</strong></span> <span class='ocrx_word' id='word_1_230' title='bbox 2633 3160 2746 3203; x_wconf 59' lang='grc' dir='ltr'><strong>,ω</strong></span> 
     </span>
    </p>
   </div>
   <div class='ocr_carea' id='block_1_5' title="bbox 1533 3283 1748 3334">
    <p class='ocr_par' dir='ltr' id='par_1_6' title="bbox 1533 3283 1748 3334">
     <span class='ocr_line' id='line_1_30' title="bbox 1533 3283 1748 3334; baseline 0 0"><span class='ocrx_word' id='word_1_231' title='bbox 1533 3283 1748 3334; x_wconf 74' lang='lat' dir='ltr'><strong>NOTAE</strong></span> 
     </span>
    </p>
   </div>
   <div class='ocr_carea' id='block_1_6' title="bbox 545 3374 2750 4140">
    <p class='ocr_par' dir='ltr' id='par_1_7' title="bbox 545 3374 2750 4140">
     <span class='ocr_line' id='line_1_31' title="bbox 610 3374 2748 3447; baseline 0.003 -23"><span class='ocrx_word' id='word_1_232' title='bbox 610 3381 635 3408; x_wconf 77' lang='lat'><strong>¹¹</strong></span> <span class='ocrx_word' id='word_1_233' title='bbox 686 3377 784 3432; x_wconf 79' lang='lat' dir='ltr'><strong>Qui</strong></span> <span class='ocrx_word' id='word_1_234' title='bbox 829 3377 1033 3427; x_wconf 80' lang='lat' dir='ltr'><strong>Casilini</strong></span> <span class='ocrx_word' id='word_1_235' title='bbox 1073 3393 1179 3428; x_wconf 76' lang='lat' dir='ltr'><strong>cum</strong></span> <span class='ocrx_word' id='word_1_236' title='bbox 1222 3374 1437 3429; x_wconf 63' lang='lat' dir='ltr'><strong>exercita</strong></span> <span class='ocrx_word' id='word_1_237' title='bbox 1479 3379 1611 3444; x_wconf 79' lang='lat' dir='ltr'><strong>erat]</strong></span> <span class='ocrx_word' id='word_1_238' title='bbox 1691 3381 1934 3432; x_wconf 82' lang='lat' dir='ltr'><strong>euntibus</strong></span> <span class='ocrx_word' id='word_1_239' title='bbox 1961 3377 2295 3446; x_wconf 78' lang='lat' dir='ltr'><strong>trajiciendos</strong></span> <span class='ocrx_word' id='word_1_240' title='bbox 2327 3395 2654 3447; x_wconf 79' lang='lat' dir='ltr'><strong>nequaquam</strong></span> <span class='ocrx_word' id='word_1_241' title='bbox 2685 3381 2748 3431; x_wconf 86' lang='lat' dir='ltr'><strong>sit</strong></span> 
     </span>
     <span class='ocr_line' id='line_1_32' title="bbox 545 3449 2750 3524; baseline 0.003 -24"><span class='ocrx_word' id='word_1_242' title='bbox 545 3449 724 3515; x_wconf 79' lang='lat' dir='ltr'><strong>Sigon.</strong></span> <span class='ocrx_word' id='word_1_243' title='bbox 744 3452 971 3503; x_wconf 85' lang='lat' dir='ltr'><strong>malebat</strong></span> <span class='ocrx_word' id='word_1_244' title='bbox 995 3454 1230 3513; x_wconf 71' lang='lat' dir='ltr'><strong>Canusii5</strong></span> <span class='ocrx_word' id='word_1_245' title='bbox 1253 3452 1389 3520; x_wconf 84' lang='lat' dir='ltr'><strong>quod</strong></span> <span class='ocrx_word' id='word_1_246' title='bbox 1409 3467 1470 3503; x_wconf 88' lang='lat' dir='ltr'><strong>eo</strong></span> <span class='ocrx_word' id='word_1_247' title='bbox 1485 3467 1608 3505; x_wconf 89' lang='lat' dir='ltr'><strong>con·</strong></span> <span class='ocrx_word' id='word_1_248' title='bbox 1690 3458 2000 3516; x_wconf 76' lang='lat' dir='ltr'><strong>Vulturnus,</strong></span> <span class='ocrx_word' id='word_1_249' title='bbox 2040 3474 2210 3524; x_wconf 88' lang='lat' dir='ltr'><strong>neque</strong></span> <span class='ocrx_word' id='word_1_250' title='bbox 2248 3460 2455 3509; x_wconf 86' lang='lat' dir='ltr'><strong>Calatia</strong></span> <span class='ocrx_word' id='word_1_251' title='bbox 2496 3458 2750 3523; x_wconf 58' lang='lat' dir='ltr'><strong>petendu</strong></span> 
     </span>
     <span class='ocr_line' id='line_1_33' title="bbox 548 3530 2747 3602; baseline 0.002 -23"><span class='ocrx_word' id='word_1_252' title='bbox 548 3530 776 3579; x_wconf 76' lang='lat' dir='ltr'><strong>tendisse</strong></span> <span class='ocrx_word' id='word_1_253' title='bbox 802 3530 999 3595; x_wconf 78' lang='lat' dir='ltr'><strong>magnis</strong></span> <span class='ocrx_word' id='word_1_254' title='bbox 1021 3530 1292 3582; x_wconf 71' lang='lat' dir='ltr'><strong>itineribus</strong></span> <span class='ocrx_word' id='word_1_255' title='bbox 1326 3530 1608 3580; x_wconf 77' lang='lat' dir='ltr'><strong>Marcellus</strong></span> <span class='ocrx_word' id='word_1_256' title='bbox 1690 3542 1748 3585; x_wconf 84' lang='lat' dir='ltr'><strong>ut</strong></span> <span class='ocrx_word' id='word_1_257' title='bbox 1773 3550 1802 3585; x_wconf 74' lang='lat' dir='ltr'><strong>a</strong></span> <span class='ocrx_word' id='word_1_258' title='bbox 1826 3536 2053 3587; x_wconf 65' lang='lat' dir='ltr'><strong>Casilino</strong></span> <span class='ocrx_word' id='word_1_259' title='bbox 2077 3534 2551 3602; x_wconf 76' lang='lat' dir='ltr'><strong>proficiscentibus.</strong></span> <span class='ocrx_word' id='word_1_260' title='bbox 2606 3536 2747 3587; x_wconf 82' lang='lat' dir='ltr'><strong>Adde</strong></span> 
     </span>
     <span class='ocr_line' id='line_1_34' title="bbox 547 3605 2748 3678; baseline 0.004 -24"><span class='ocrx_word' id='word_1_261' title='bbox 547 3605 751 3655; x_wconf 87' lang='lat' dir='ltr'><strong>dicatur</strong></span> <span class='ocrx_word' id='word_1_262' title='bbox 773 3606 861 3657; x_wconf 86' lang='lat' dir='ltr'><strong>lib.</strong></span> <span class='ocrx_word' id='word_1_263' title='bbox 895 3619 1019 3657; x_wconf 83' lang='lat' dir='ltr'><strong>xxt.</strong></span> <span class='ocrx_word' id='word_1_264' title='bbox 1043 3616 1097 3657; x_wconf 89' lang='lat' dir='ltr'><strong>et</strong></span> <span class='ocrx_word' id='word_1_265' title='bbox 1127 3607 1267 3672; x_wconf 83' lang='lat' dir='ltr'><strong>quod</strong></span> <span class='ocrx_word' id='word_1_266' title='bbox 1292 3605 1606 3657; x_wconf 75' lang='lat' dir='ltr'><strong>Plutarchus</strong></span> <span class='ocrx_word' id='word_1_267' title='bbox 1688 3612 1826 3678; x_wconf 88' lang='lat' dir='ltr'><strong>qnod</strong></span> <span class='ocrx_word' id='word_1_268' title='bbox 1866 3628 2035 3678; x_wconf 89' lang='lat' dir='ltr'><strong>neque</strong></span> <span class='ocrx_word' id='word_1_269' title='bbox 2069 3629 2100 3663; x_wconf 82' lang='lat' dir='ltr'><strong>a</strong></span> <span class='ocrx_word' id='word_1_270' title='bbox 2134 3614 2358 3664; x_wconf 85' lang='lat' dir='ltr'><strong>Canusio</strong></span> <span class='ocrx_word' id='word_1_271' title='bbox 2399 3615 2634 3665; x_wconf 83' lang='lat' dir='ltr'><strong>venienti</strong></span> <span class='ocrx_word' id='word_1_272' title='bbox 2667 3614 2748 3663; x_wconf 85' lang='lat' dir='ltr'><strong>ob-</strong></span> 
     </span>
     <span class='ocr_line' id='line_1_35' title="bbox 547 3685 2744 3753; baseline 0.002 -20"><span class='ocrx_word' id='word_1_273' title='bbox 547 3685 598 3733; x_wconf 88' lang='lat' dir='ltr'><strong>in</strong></span> <span class='ocrx_word' id='word_1_274' title='bbox 625 3685 784 3747; x_wconf 88' lang='lat' dir='ltr'><strong>ipsius</strong></span> <span class='ocrx_word' id='word_1_275' title='bbox 811 3685 917 3734; x_wconf 82' lang='lat' dir='ltr'><strong>vita</strong></span> <span class='ocrx_word' id='word_1_276' title='bbox 938 3693 1118 3735; x_wconf 83' lang='lat' dir='ltr'><strong>auctor</strong></span> <span class='ocrx_word' id='word_1_277' title='bbox 1141 3685 1229 3745; x_wconf 83' lang='lat' dir='ltr'><strong>sit,</strong></span> <span class='ocrx_word' id='word_1_278' title='bbox 1247 3699 1363 3735; x_wconf 87' lang='lat' dir='ltr'><strong>eum</strong></span> <span class='ocrx_word' id='word_1_279' title='bbox 1387 3685 1608 3735; x_wconf 81' lang='lat' dir='ltr'><strong>Canusio</strong></span> <span class='ocrx_word' id='word_1_280' title='bbox 1692 3689 1862 3739; x_wconf 88' lang='lat' dir='ltr'><strong>eunda</strong></span> <span class='ocrx_word' id='word_1_281' title='bbox 1897 3691 2144 3753; x_wconf 83' lang='lat' dir='ltr'><strong>Saticula,</strong></span> <span class='ocrx_word' id='word_1_282' title='bbox 2196 3689 2436 3747; x_wconf 84' lang='lat' dir='ltr'><strong>Trebula,</strong></span> <span class='ocrx_word' id='word_1_283' title='bbox 2490 3697 2744 3740; x_wconf 75' lang='lat' dir='ltr'><strong>montem</strong></span> 
     </span>
     <span class='ocr_line' id='line_1_36' title="bbox 549 3759 2744 3831; baseline 0.003 -23"><span class='ocrx_word' id='word_1_284' title='bbox 549 3762 613 3809; x_wconf 77' lang='lat' dir='ltr'><strong>ad</strong></span> <span class='ocrx_word' id='word_1_285' title='bbox 640 3761 858 3811; x_wconf 85' lang='lat' dir='ltr'><strong>tuendos</strong></span> <span class='ocrx_word' id='word_1_286' title='bbox 894 3763 1064 3812; x_wconf 82' lang='lat' dir='ltr'><strong>socios</strong></span> <span class='ocrx_word' id='word_1_287' title='bbox 1104 3759 1415 3826; x_wconf 79' lang='lat' dir='ltr'><strong>profectum.</strong></span> <span class='ocrx_word' id='word_1_288' title='bbox 1480 3760 1606 3811; x_wconf 85' lang='lat' dir='ltr'><strong>Gla·</strong></span> <span class='ocrx_word' id='word_1_289' title='bbox 1690 3765 2098 3826; x_wconf 84' lang='lat' dir='ltr'><strong>Suessulani;et</strong></span> <span class='ocrx_word' id='word_1_290' title='bbox 2116 3774 2374 3831; x_wconf 59' lang='lat' dir='ltr'><strong>preterea</strong></span> <span class='ocrx_word' id='word_1_291' title='bbox 2396 3768 2535 3831; x_wconf 82' lang='lat' dir='ltr'><strong>quod</strong></span> <span class='ocrx_word' id='word_1_292' title='bbox 2557 3767 2744 3831; x_wconf 72' lang='lat' dir='ltr'><strong>longis·</strong></span> 
     </span>
     <span class='ocr_line' id='line_1_37' title="bbox 550 3837 2743 3906; baseline 0.003 -23"><span class='ocrx_word' id='word_1_293' title='bbox 550 3837 690 3886; x_wconf 87' lang='lat' dir='ltr'><strong>reani</strong></span> <span class='ocrx_word' id='word_1_294' title='bbox 738 3843 910 3888; x_wconf 84' lang='lat' dir='ltr'><strong>tamen</strong></span> <span class='ocrx_word' id='word_1_295' title='bbox 958 3840 1131 3902; x_wconf 86' lang='lat' dir='ltr'><strong>potior</strong></span> <span class='ocrx_word' id='word_1_296' title='bbox 1174 3839 1297 3890; x_wconf 83' lang='lat' dir='ltr'><strong>mibi</strong></span> <span class='ocrx_word' id='word_1_297' title='bbox 1343 3838 1611 3888; x_wconf 81' lang='lat' dir='ltr'><strong>sententia</strong></span> <span class='ocrx_word' id='word_1_298' title='bbox 1693 3840 1968 3890; x_wconf 79' lang='lat' dir='ltr'><strong>Canusium</strong></span> <span class='ocrx_word' id='word_1_299' title='bbox 1992 3841 2150 3891; x_wconf 83' lang='lat' dir='ltr'><strong>distat</strong></span> <span class='ocrx_word' id='word_1_300' title='bbox 2174 3840 2240 3891; x_wconf 84' lang='lat' dir='ltr'><strong>ab</strong></span> <span class='ocrx_word' id='word_1_301' title='bbox 2273 3840 2402 3890; x_wconf 84' lang='lat' dir='ltr'><strong>urbe</strong></span> <span class='ocrx_word' id='word_1_302' title='bbox 2429 3841 2590 3906; x_wconf 81' lang='lat' dir='ltr'><strong>Nola,</strong></span> <span class='ocrx_word' id='word_1_303' title='bbox 2607 3854 2743 3906; x_wconf 73' lang='lat' dir='ltr'><strong>qua·</strong></span> 
     </span>
     <span class='ocr_line' id='line_1_38' title="bbox 551 3911 2744 3971; baseline 0.003 -13"><span class='ocrx_word' id='word_1_304' title='bbox 551 3911 777 3971; x_wconf 81' lang='lat' dir='ltr'><strong>videtur,</strong></span> <span class='ocrx_word' id='word_1_305' title='bbox 800 3923 857 3962; x_wconf 88' lang='lat' dir='ltr'><strong>ut</strong></span> <span class='ocrx_word' id='word_1_306' title='bbox 897 3914 1180 3964; x_wconf 83' lang='lat' dir='ltr'><strong>Marcellus</strong></span> <span class='ocrx_word' id='word_1_307' title='bbox 1215 3915 1442 3965; x_wconf 81' lang='lat' dir='ltr'><strong>Canusio</strong></span> <span class='ocrx_word' id='word_1_308' title='bbox 1466 3915 1610 3966; x_wconf 83' lang='lat' dir='ltr'><strong>Casi-</strong></span> <span class='ocrx_word' id='word_1_309' title='bbox 1694 3916 1975 3967; x_wconf 77' lang='lat' dir='ltr'><strong>Casilinum</strong></span> <span class='ocrx_word' id='word_1_310' title='bbox 1993 3934 2012 3969; x_wconf 66' lang='grc' dir='ltr'>ι</span> <span class='ocrx_word' id='word_1_311' title='bbox 2048 3919 2186 3969; x_wconf 90' lang='lat' dir='ltr'><strong>unde</strong></span> <span class='ocrx_word' id='word_1_312' title='bbox 2208 3916 2418 3968; x_wconf 87' lang='lat' dir='ltr'><strong>difficile</strong></span> <span class='ocrx_word' id='word_1_313' title='bbox 2437 3919 2645 3969; x_wconf 86' lang='lat' dir='ltr'><strong>Nolano</strong></span> <span class='ocrx_word' id='word_1_314' title='bbox 2663 3919 2744 3967; x_wconf 84' lang='lat' dir='ltr'><strong>Se·</strong></span> 
     </span>
     <span class='ocr_line' id='line_1_39' title="bbox 547 3987 2742 4057; baseline 0.004 -23"><span class='ocrx_word' id='word_1_315' title='bbox 547 3987 707 4054; x_wconf 74' lang='lat' dir='ltr'><strong>linum</strong></span> <span class='ocrx_word' id='word_1_316' title='bbox 748 3987 977 4044; x_wconf 85' lang='lat' dir='ltr'><strong>redierit,</strong></span> <span class='ocrx_word' id='word_1_317' title='bbox 1011 3990 1186 4055; x_wconf 88' lang='lat' dir='ltr'><strong>ibique</strong></span> <span class='ocrx_word' id='word_1_318' title='bbox 1222 4006 1334 4041; x_wconf 86' lang='lat' dir='ltr'><strong>cum</strong></span> <span class='ocrx_word' id='word_1_319' title='bbox 1370 3990 1614 4041; x_wconf 82' lang='lat' dir='ltr'><strong>exercitu</strong></span> <span class='ocrx_word' id='word_1_320' title='bbox 1693 3992 1837 4043; x_wconf 86' lang='lat' dir='ltr'><strong>natui</strong></span> <span class='ocrx_word' id='word_1_321' title='bbox 1875 3991 2037 4045; x_wconf 83' lang='lat' dir='ltr'><strong>fuerit</strong></span> <span class='ocrx_word' id='word_1_322' title='bbox 2070 4001 2269 4044; x_wconf 85' lang='lat' dir='ltr'><strong>tantum</strong></span> <span class='ocrx_word' id='word_1_323' title='bbox 2308 3993 2563 4057; x_wconf 83' lang='lat' dir='ltr'><strong>temporis</strong></span> <span class='ocrx_word' id='word_1_324' title='bbox 2585 4000 2742 4043; x_wconf 81' lang='lat' dir='ltr'><strong>extra·</strong></span> 
     </span>
     <span class='ocr_line' id='line_1_40' title="bbox 549 4063 2741 4140; baseline 0.002 -26"><span class='ocrx_word' id='word_1_325' title='bbox 549 4063 867 4126; x_wconf 76' lang='lat' dir='ltr'><strong>suerit,cum</strong></span> <span class='ocrx_word' id='word_1_326' title='bbox 891 4064 1155 4117; x_wconf 85' lang='lat' dir='ltr'><strong>Hannibal</strong></span> <span class='ocrx_word' id='word_1_327' title='bbox 1177 4068 1366 4118; x_wconf 84' lang='lat' dir='ltr'><strong>Nolam</strong></span> <span class='ocrx_word' id='word_1_328' title='bbox 1392 4068 1612 4119; x_wconf 86' lang='lat' dir='ltr'><strong>accede·</strong></span> <span class='ocrx_word' id='word_1_329' title='bbox 1691 4068 1836 4140; x_wconf 70' lang='lat' dir='ltr'><strong>het-e,v</strong></span> <span class='ocrx_word' id='word_1_330' title='bbox 1871 4076 2066 4135; x_wconf 89' lang='lat' dir='ltr'><strong>quanto</strong></span> <span class='ocrx_word' id='word_1_331' title='bbox 2110 4083 2239 4134; x_wconf 84' lang='lat' dir='ltr'><strong>opus</strong></span> <span class='ocrx_word' id='word_1_332' title='bbox 2278 4076 2420 4118; x_wconf 82' lang='lat' dir='ltr'><strong>esset</strong></span> <span class='ocrx_word' id='word_1_333' title='bbox 2461 4069 2527 4118; x_wconf 86' lang='lat' dir='ltr'><strong>ad</strong></span> <span class='ocrx_word' id='word_1_334' title='bbox 2578 4078 2741 4134; x_wconf 73' lang='lat' dir='ltr'><strong>peten-</strong></span> 
     </span>
    </p>
   </div>
   <div class='ocr_carea' id='block_1_7' title="bbox 552 4141 2740 4283">
    <p class='ocr_par' dir='ltr' id='par_1_8' title="bbox 552 4141 2740 4283">
     <span class='ocr_line' id='line_1_41' title="bbox 552 4141 2740 4210; baseline 0.002 -22"><span class='ocrx_word' id='word_1_335' title='bbox 552 4147 666 4189; x_wconf 86' lang='lat' dir='ltr'><strong>ret:</strong></span> <span class='ocrx_word' id='word_1_336' title='bbox 704 4146 809 4190; x_wconf 87' lang='lat' dir='ltr'><strong>tum</strong></span> <span class='ocrx_word' id='word_1_337' title='bbox 846 4141 982 4207; x_wconf 83' lang='lat' dir='ltr'><strong>quod</strong></span> <span class='ocrx_word' id='word_1_338' title='bbox 1022 4150 1225 4194; x_wconf 83' lang='lat' dir='ltr'><strong>veteres</strong></span> <span class='ocrx_word' id='word_1_339' title='bbox 1260 4144 1375 4194; x_wconf 89' lang='lat' dir='ltr'><strong>libri</strong></span> <span class='ocrx_word' id='word_1_340' title='bbox 1414 4145 1612 4196; x_wconf 83' lang='lat' dir='ltr'><strong>babent</strong></span> <span class='ocrx_word' id='word_1_341' title='bbox 1692 4144 1813 4194; x_wconf 88' lang='lat' dir='ltr'><strong>dum</strong></span> <span class='ocrx_word' id='word_1_342' title='bbox 1838 4145 2610 4210; x_wconf 78' lang='lat' dir='ltr'><strong>expectandumqueacanusio</strong></span> <span class='ocrx_word' id='word_1_343' title='bbox 2631 4159 2740 4196; x_wconf 77' lang='lat' dir='ltr'><strong>aux·</strong></span> 
     </span>
     <span class='ocr_line' id='line_1_42' title="bbox 555 4215 1851 4283; baseline 0.006 -17"><span class='ocrx_word' id='word_1_344' title='bbox 555 4215 783 4279; x_wconf 73' lang='lat' dir='ltr'><strong>Casilini,</strong></span> <span class='ocrx_word' id='word_1_345' title='bbox 813 4223 921 4268; x_wconf 88' lang='lat' dir='ltr'><strong>tum</strong></span> <span class='ocrx_word' id='word_1_346' title='bbox 952 4218 1091 4283; x_wconf 84' lang='lat' dir='ltr'><strong>qnod</strong></span> <span class='ocrx_word' id='word_1_347' title='bbox 1116 4234 1144 4270; x_wconf 83' lang='lat' dir='ltr'><strong>a</strong></span> <span class='ocrx_word' id='word_1_348' title='bbox 1169 4219 1395 4273; x_wconf 77' lang='lat' dir='ltr'><strong>Canusio</strong></span> <span class='ocrx_word' id='word_1_349' title='bbox 1420 4221 1609 4274; x_wconf 77' lang='lat' dir='ltr'><strong>Nolam</strong></span> <span class='ocrx_word' id='word_1_350' title='bbox 1691 4223 1851 4274; x_wconf 87' lang='lat' dir='ltr'><strong>ilium.</strong></span> 
     </span>
    </p>
   </div>
   <div class='ocr_carea' id='block_1_8' title="bbox 2978 1895 2986 2558">
    <p class='ocr_par' dir='ltr' id='par_1_9' title="bbox 2978 1895 2986 2558">
     <span class='ocr_line' id='line_1_43' title="bbox 2978 1895 2986 2558; baseline 0 0"><span class='ocrx_word' id='word_1_351' title='bbox 2978 1895 2986 2558; x_wconf 95' lang='lat' dir='ltr'><strong> </strong></span> 
     </span>
    </p>
   </div>
  </div>
 </body>
</html>
