3025 4892
1007 401 1151 452 mn.
1203 398 1433 452 xxiv.
1477 402 1645 454 cn.
1686 387 1792 454 27.
2315 389 2493 459 2033

296 545 555 641 scelera
583 545 1034 612 imitarentur!
1120 548 1306 615 Inter
1330 551 1481 616 baec
1521 553 1927 617 abstractam
1960 571 2003 616 a
2032 552 2491 637 penetralibus

290 648 643 732 jugulant:
687 649 758 713 in
786 650 1074 734 virgines
1122 652 1378 731 deinde,
1428 672 1766 740 respersas
1811 657 2042 722 matris
2084 676 2340 736 cruore,
2365 657 2491 721 im·

299 759 529 837 petum
561 750 838 818 faciunt.
927 751 1128 833 Qum,
1154 756 1446 822 alienata
1471 767 1684 824 mente
1711 759 1908 824 simul
1936 759 2114 824 luctu
2146 766 2489 843 metuque,

301 855 480 920 velut
508 863 728 939 captae
756 856 1001 934 surore,
1030 878 1115 923 eo
1145 879 1345 926 cursu
1367 870 1387 909 ³
1420 881 1495 925 se
1528 881 1616 926 ex
1658 862 1954 928 sacrario
1999 863 2491 946 proripuerunt,

299 957 492 1036 ut‚·si
522 957 836 1042 effugium
864 962 1200 1045 patuisset
1227 965 1292 1028 in
1334 966 1703 1048 publicum,
1726 964 2101 1050 impleturae
2132 965 2362 1029 urbem
2390 972 2493 1030 tn-

300 1060 512 1128 multu
559 1063 818 1128 suerint.
903 1063 1078 1129 Tum
1131 1086 1401 1151 quoque
1447 1067 1627 1132 haud
1672 1087 1912 1150 magno
1955 1068 2198 1133 aedium
2250 1069 2496 1152 spatio,

300 1164 488 1230 inter.
509 1166 772 1232 medios
808 1172 911 1232 tot
955 1176 1271 1246 armatos,
1318 1168 1680 1253 aliquoties
1717 1170 1975 1253 integro
2020 1188 2299 1253 corpore
2337 1189 2495 1235 eva-

301 1271 554 1347 serunt,
585 1271 1108 1356 tenentibusque,
1147 1291 1297 1336 cum
1349 1278 1452 1337 tot
1498 1291 1583 1337 ac
1636 1281 1773 1337 tam
1820 1273 2066 1338 validae
2114 1271 2492 1337 eluctandae

301 1388 537 1435 manus
565 1378 821 1451 essent,
852 1391 1005 1438 sese
1050 1375 1470 1458 eripuerunt:
1495 1381 1528 1423 4
1572 1375 1868 1453 tandem,
1909 1374 2289 1440 vulneribus
2333 1393 2496 1439 con·

300 1472 525 1552 fectae,
567 1493 720 1539 cum
767 1476 996 1541 omnia
1031 1476 1398 1560 replessent
1437 1477 1784 1561 sanguine,
1836 1477 2182 1542 exanimes
2226 1496 2495 1543 corrue-

301 1584 494 1658 runt;
538 1578 926 1663 caedemque
956 1599 1081 1665 per
1107 1599 1182 1645 se
1209 1580 1658 1646 miserabilem
1701 1581 2245 1649 miserabiliorem
2287 1599 2494 1646 casus

301 1680 487 1760 fecit,
534 1683 720 1766 quod
767 1685 976 1767 paulo
1015 1690 1172 1768 post
1208 1685 1478 1750 nuntius
1517 1685 1723 1764 venit,
1766 1685 2044 1751 mutatis
2086 1690 2359 1769 repente
2404 1678 2523 1750 ad'

303 1784 839 1851 misericordiam
877 1787 1162 1866 animis,e
1206 1807 1290 1851 ne
1333 1787 1899 1856 interficerentur!
1985 1785 2101 1852 Ira
2129 1786 2369 1853 deinde
2403 1806 2496 1852 ex

304 1888 760 1955 misericordia
789 1897 955 1968 orta,
977 1889 1156 1976 quod
1190 1889 1362 1955 adeo
1383 1891 1768 1957 festinatum
1805 1890 1895 1957 ad
1930 1891 2361 1976 supplicium,
2389 1911 2500 1958 ne-

305 2011 441 2076 que
484 1991 682 2059 locus
735 1994 1102 2078 poenitendi
1151 2001 1272 2058 aut
1315 2012 1660 2076 regressus
1708 1995 1795 2059 ab
1838 1995 1939 2061 ira
1978 1994 2252 2059 relictus
2288 2002 2498 2061 esset.

305 2094 557 2181 Itaque
611 2098 884 2164 fremere
929 2096 1316 2178 multitudo,
1366 2104 1434 2163 et
1479 2098 1552 2162 in
1610 2096 1836 2163 locum
1895 2096 2363 2164 Andranodori
2411 2117 2497 2164 ac

304 2196 637 2267 Themisti
671 2200 855 2288 (nam
897 2203 1096 2271 ambo
1147 2207 1468 2287 praetores
1509 2198 1806 2285 fuerant)
1860 2201 2133 2266 comitia
2179 2219 2498 2285 poscere:

305 2320 465 2385 quae
509 2322 927 2389 nequaquam
973 2324 1066 2370 ex
1104 2306 1436 2370 sententia
1480 2310 1846 2387 praetorum
1884 2303 2108 2370 sutura
2140 2310 2386 2372 essent.

394 2406 504 2472 27.
549 2405 866 2473 Statutus
914 2411 1058 2474 est⁵
1114 2407 1405 2491 comitiis
1442 2404 1628 2472 dies:
1675 2425 1831 2490 quo,
1882 2426 2009 2472 nec
2063 2405 2499 2490 opinantibus

305 2510 673 2590 omnibus}
699 2531 876 2577 unus
907 2531 997 2577 ex
1033 2510 1274 2577 ultima
1319 2511 1516 2575 turba
1544 2508 1915 2595 Epicydem
1942 2511 2330 2586 nominavit,
2362 2516 2500 2576 tum

306 2612 466 2677 inde
495 2613 673 2679 alius
705 2614 1229 2699 Hippocratem.
1318 2612 1707 2679 crebriores
1737 2612 1980 2679 deinde
2018 2632 2118 2679 eae
2162 2632 2398 2691 voces,
2431 2620 2502 2679 et

309 2735 463 2781 cum
501 2715 681 2782 haud
719 2717 927 2782 dubio
966 2735 1249 2782 assensu
1285 2715 1730 2781 multitudinis
1768 2727 1962 2780 esse.¹
2045 2714 2138 2780 Et
2169 2724 2310 2781 erat
2339 2734 2502 2780 con-

307 2819 468 2886 fusa
507 2822 773 2900 concio,
802 2841 939 2886 non
978 2820 1289 2906 populari
1328 2819 1557 2897 modo,
1586 2819 1708 2884 sed
1748 2818 2021 2884 militari
2059 2838 2330 2904 quoque
2362 2824 2502 2884 tur·

307 2922 455 3002 ba‚⁶
483 2945 725 3010 magna
756 2944 847 2991 ex
876 2929 1061 3010 parte
1106 2924 1309 2989 etiam
1346 2921 1670 3008 perfugiS,
1700 2923 1818 3006 qui
1848 2924 2074 2989 omnia
2101 2940 2345 2987 novare
2387 2942 2502 2987 cu-

309 3026 608 3113 piebant,
631 3029 1008 3114 permixtis.
1074 3025 1409 3092 Praetores
1432 3023 1855 3091 dissimulare
1872 3026 2114 3110 primo,
2143 3028 2214 3090 et
2238 3024 2503 3090 trahen-

374 3221 401 3249 *
438 3214 560 3264 Cum
592 3213 799 3265 Senatus
816 3213 1102 3278 populusque
1134 3212 1289 3263 sabito
1310 3210 1519 3263 naim
1540 3210 1800 3277 flea-issent
1818 3213 1880 3262 ud
1898 3210 2282 3270 misericordium,
2310 3211 2507 3264 nuntiae

308 3279 371 3329 ob
391 3279 462 3328 eir
480 3278 651 3330 naun·
666 3280 854 3330 admit
877 3285 1040 3330 cetam
1055 3295 1114 3329 ne
1131 3281 1451 3329 occiderentur
1469 3276 1709 3328 Herucleu
1725 3278 1924 3344 etfllioe.

375 3353 403 3388 ¹
436 3345 639 3395 Nemiae
658 3345 710 3393 id
737 3345 973 3409 opinante,
993 3345 1094 3394 eive
1114 3344 1373 3408 inopinato.

375 3416 401 3444 ⁸
436 3409 535 3459 11ae
567 3424 700 3459 voees
720 3410 1062 3460 nominantiam
1085 3409 1431 3474 Hippocratem
1463 3411 1512 3457 et
1549 3408 1826 3473 Epicydem,
1857 3408 2212 3473 excipiebantur
2237 3407 2510 3459 indubitato

310 3479 361 3526 et
380 3478 541 3540 operto
561 3489 783 3526 eoaaeasa
800 3475 969 3543 plebis.

1234 3582 1574 3608 ΝΝΜΟΝΟ

315 3722 617 3786 Rujum—2
652 3721 790 3774 Olim
812 3721 1104 3786 legebatur,
1129 3722 1286 3772 hostes
1305 3719 1424 3770 irati
1443 3720 1850 3770 abstinerent.-—8
1882 3718 1958 3765 Eo
1978 3730 2118 3767 cursu
2140 3729 2205 3765 ex
2229 3715 2362 3780 conj.
2391 3715 2508 3765 Flo-

313 3787 513 3837 rebelli.
582 3788 644 3838 In
667 3789 796 3838 Mas.
816 3794 873 3838 et
897 3788 1029 3837 Edd.
1054 3796 1174 3837 ante
1197 3787 1428 3837 Gronov.
1458 3800 1599 3835 eam
1629 3792 1684 3833 et
1716 3787 2019 3833 occurerre-4
2052 3785 2067 3810 ⁸
2093 3781 2206 3831 Scae
2239 3782 2510 3844 eripuerant

311 3866 418 3901 non
439 3861 623 3903 extant
645 3852 698 3902 iu
722 3854 826 3904 Ma.
852 3853 1101 3903 Cantabr.
1134 3859 1190 3902 et
1217 3853 1445 3938 ,glossam
1469 3851 1728 3906 redolent,
1748 3848 1813 3899 ad
1839 3847 2104 3912 precedd.
2127 3847 2178 3896 in
2202 3848 2385 3913 quibus
2420 3861 2510 3896 ea-

313 3916 432 3968 dem
460 3918 596 3968 iueet
614 3920 893 3979 sententia,
914 3918 1213 3984 ascriptam.
1264 3918 1466 3981 Rapere.
1956 3977 1987 3990 ..

380 3988 412 4036 6
447 3981 466 4012 ‘
490 3983 616 4035 Put.
636 3991 694 4036 et
723 3985 846 4034 Pet.
878 3989 1049 4035 ment.
1113 3984 1294 4045 Forte,
1324 3983 1555 4033 Statum
1587 3985 1659 4032 est
1678 3979 1788 4031 inde
1808 3978 2013 4028 comitur
2047 3975 2184 4029 dies?
2215 3977 2270 4029 J.
2292 3977 2353 4028 F.
2373 3975 2509 4033 Oros

1300 4129 1528 4183 NOTAE

378 4238 404 4267 ⁰
437 4230 651 4284 Musti·
681 4236 898 4297 repeate-
916 4263 932 4279 .
949 4227 1178 4293 anina]
1218 4228 1379 4282 Sena·
1448 4229 1547 4283 mis
1569 4226 1635 4281 ad
1656 4222 2040 4280 miserationem
2061 4219 2228 4278 flexis.

312 4314 400 4361 tua
423 4322 612 4375 nempe
649 4315 705 4362 et
739 4307 918 4375 populi
936 4305 1249 4375 Syracusani
1268 4305 1379 4361 ani·
