<?xml version="1.0" encoding="UTF-8"?>
<!DOCTYPE html PUBLIC "-//W3C//DTD XHTML 1.0 Transitional//EN"
    "http://www.w3.org/TR/xhtml1/DTD/xhtml1-transitional.dtd">
<html xmlns="http://www.w3.org/1999/xhtml" xml:lang="en" lang="en">
 <head>
  <title>
</title>
<meta http-equiv="Content-Type" content="text/html;charset=utf-8" />
  <meta name='ocr-system' content='tesseract 3.04.00' />
  <meta name='ocr-capabilities' content='ocr_page ocr_carea ocr_par ocr_line ocrx_word'/>
</head>
<body>
  <div class='ocr_page' id='page_1' title='image "./tliviipatavinih04unkngoog_0030.png"; bbox 0 0 3025 4892; ppageno 0'>
   <div class='ocr_carea' id='block_1_1' title="bbox 460 355 632 421">
    <p class='ocr_par' dir='ltr' id='par_1_1' title="bbox 460 355 632 421">
     <span class='ocr_line' id='line_1_1' title="bbox 460 355 632 421; baseline 0.017 -3"><span class='ocrx_word' id='word_1_1' title='bbox 460 355 632 421; x_wconf 78' lang='lat'>1410</span> 
     </span>
    </p>
   </div>
   <div class='ocr_carea' id='block_1_2' title="bbox 464 1196 629 1245">
    <p class='ocr_par' dir='ltr' id='par_1_2' title="bbox 464 1196 629 1245">
     <span class='ocr_line' id='line_1_2' title="bbox 464 1196 629 1245; baseline 0.006 -1"><span class='ocrx_word' id='word_1_2' title='bbox 464 1196 629 1245; x_wconf 73' lang='lat' dir='ltr'><strong>Zonar-</strong></span> 
     </span>
    </p>
   </div>
   <div class='ocr_carea' id='block_1_3' title="bbox 1406 372 1716 422">
    <p class='ocr_par' dir='ltr' id='par_1_3' title="bbox 1406 372 1716 422">
     <span class='ocr_line' id='line_1_3' title="bbox 1406 372 1716 422; baseline 0.003 -3"><span class='ocrx_word' id='word_1_3' title='bbox 1406 373 1476 422; x_wconf 74' lang='lat' dir='ltr'><strong>T.</strong></span> <span class='ocrx_word' id='word_1_4' title='bbox 1529 372 1716 421; x_wconf 74' lang='lat' dir='ltr'><strong>mvn</strong></span> 
     </span>
    </p>
   </div>
   <div class='ocr_carea' id='block_1_4' title="bbox 778 514 2666 1489">
    <p class='ocr_par' dir='ltr' id='par_1_4' title="bbox 778 514 2666 1461">
     <span class='ocr_line' id='line_1_4' title="bbox 782 514 2658 597; baseline 0.001 -23"><span class='ocrx_word' id='word_1_5' title='bbox 782 535 870 575; x_wconf 87' lang='lat' dir='ltr'><strong>nae</strong></span> <span class='ocrx_word' id='word_1_6' title='bbox 897 514 1152 594; x_wconf 78' lang='lat' dir='ltr'>legiones</span> <span class='ocrx_word' id='word_1_7' title='bbox 1174 516 1421 585; x_wconf 86' lang='lat' dir='ltr'><strong>hostem,</strong></span> <span class='ocrx_word' id='word_1_8' title='bbox 1448 518 1744 597; x_wconf 78' lang='lat' dir='ltr'><strong>equitatus</strong></span> <span class='ocrx_word' id='word_1_9' title='bbox 1785 514 2036 575; x_wconf 90' lang='lat' dir='ltr'><strong>audacia</strong></span> <span class='ocrx_word' id='word_1_10' title='bbox 2067 515 2361 585; x_wconf 83' lang='lat' dir='ltr'><strong>animatae,</strong></span> <span class='ocrx_word' id='word_1_11' title='bbox 2387 534 2524 576; x_wconf 82' lang='lat' dir='ltr'><strong>mox</strong></span> <span class='ocrx_word' id='word_1_12' title='bbox 2553 516 2658 575; x_wconf 91' lang='lat' dir='ltr'><strong>im-</strong></span> 
     </span>
     <span class='ocr_line' id='line_1_5' title="bbox 780 610 2658 692; baseline -0.001 -20"><span class='ocrx_word' id='word_1_13' title='bbox 780 611 1085 692; x_wconf 84' lang='lat' dir='ltr'><strong>pulerunt;</strong></span> <span class='ocrx_word' id='word_1_14' title='bbox 1130 612 1342 672; x_wconf 88' lang='lat' dir='ltr'><strong>frustra</strong></span> <span class='ocrx_word' id='word_1_15' title='bbox 1365 613 1669 673; x_wconf 83' lang='lat' dir='ltr'><strong>obnitente</strong></span> <span class='ocrx_word' id='word_1_16' title='bbox 1716 610 2047 682; x_wconf 89' lang='lat' dir='ltr'><strong>Herennio,</strong></span> <span class='ocrx_word' id='word_1_17' title='bbox 2084 612 2184 690; x_wconf 90' lang='lat' dir='ltr'><strong>qui</strong></span> <span class='ocrx_word' id='word_1_18' title='bbox 2229 612 2498 671; x_wconf 91' lang='lat' dir='ltr'><strong>omnibus</strong></span> <span class='ocrx_word' id='word_1_19' title='bbox 2523 612 2658 671; x_wconf 91' lang='lat' dir='ltr'><strong>boni</strong></span> 
     </span>
     <span class='ocr_line' id='line_1_6' title="bbox 778 707 2661 778; baseline 0 -12"><span class='ocrx_word' id='word_1_20' title='bbox 778 716 840 767; x_wconf 88' lang='lat' dir='ltr'><strong>et</strong></span> <span class='ocrx_word' id='word_1_21' title='bbox 861 707 1026 767; x_wconf 92' lang='lat' dir='ltr'><strong>ducis</strong></span> <span class='ocrx_word' id='word_1_22' title='bbox 1065 718 1128 767; x_wconf 91' lang='lat' dir='ltr'><strong>et</strong></span> <span class='ocrx_word' id='word_1_23' title='bbox 1163 709 1365 767; x_wconf 89' lang='lat' dir='ltr'><strong>militis</strong></span> <span class='ocrx_word' id='word_1_24' title='bbox 1390 709 1721 768; x_wconf 89' lang='lat' dir='ltr'><strong>muneribus</strong></span> <span class='ocrx_word' id='word_1_25' title='bbox 1744 728 1817 767; x_wconf 91' lang='lat' dir='ltr'><strong>eo</strong></span> <span class='ocrx_word' id='word_1_26' title='bbox 1841 707 1937 767; x_wconf 91' lang='lat' dir='ltr'><strong>die</strong></span> <span class='ocrx_word' id='word_1_27' title='bbox 1963 707 2212 778; x_wconf 84' lang='lat' dir='ltr'><strong>functus,</strong></span> <span class='ocrx_word' id='word_1_28' title='bbox 2239 707 2380 767; x_wconf 89' lang='lat' dir='ltr'><strong>dum</strong></span> <span class='ocrx_word' id='word_1_29' title='bbox 2407 707 2661 766; x_wconf 88' lang='lat' dir='ltr'><strong>redinte-</strong></span> 
     </span>
     <span class='ocr_line' id='line_1_7' title="bbox 780 802 2666 882; baseline -0.001 -19"><span class='ocrx_word' id='word_1_30' title='bbox 780 823 942 881; x_wconf 86' lang='lat' dir='ltr'><strong>grare</strong></span> <span class='ocrx_word' id='word_1_31' title='bbox 987 804 1239 876; x_wconf 76' lang='lat' dir='ltr'>ordines,</span> <span class='ocrx_word' id='word_1_32' title='bbox 1285 806 1533 865; x_wconf 89' lang='lat' dir='ltr'><strong>retinere</strong></span> <span class='ocrx_word' id='word_1_33' title='bbox 1583 804 1889 882; x_wconf 77' lang='lat' dir='ltr'><strong>fugientes,</strong></span> <span class='ocrx_word' id='word_1_34' title='bbox 1940 804 2219 863; x_wconf 83' lang='lat' dir='ltr'><strong>obsistere</strong></span> <span class='ocrx_word' id='word_1_35' title='bbox 2271 802 2666 881; x_wconf 72' lang='lat' dir='ltr'><strong>ingruentibus</strong></span> 
     </span>
     <span class='ocr_line' id='line_1_8' title="bbox 778 898 2659 980; baseline -0.002 -21"><span class='ocrx_word' id='word_1_36' title='bbox 778 899 988 972; x_wconf 86' lang='lat' dir='ltr'><strong>tendit,</strong></span> <span class='ocrx_word' id='word_1_37' title='bbox 1013 920 1203 980; x_wconf 90' lang='lat' dir='ltr'><strong>neque</strong></span> <span class='ocrx_word' id='word_1_38' title='bbox 1229 901 1489 962; x_wconf 84' lang='lat' dir='ltr'><strong>inhibere</strong></span> <span class='ocrx_word' id='word_1_39' title='bbox 1515 901 1712 978; x_wconf 79' lang='lat' dir='ltr'><strong>fugam</strong></span> <span class='ocrx_word' id='word_1_40' title='bbox 1737 920 1969 959; x_wconf 90' lang='lat' dir='ltr'><strong>suorum</strong></span> <span class='ocrx_word' id='word_1_41' title='bbox 1997 900 2210 980; x_wconf 90' lang='lat' dir='ltr'><strong>potuit,</strong></span> <span class='ocrx_word' id='word_1_42' title='bbox 2236 909 2300 958; x_wconf 87' lang='lat' dir='ltr'><strong>et</strong></span> <span class='ocrx_word' id='word_1_43' title='bbox 2322 898 2659 979; x_wconf 90' lang='lat' dir='ltr'><strong>opportuni-</strong></span> 
     </span>
     <span class='ocr_line' id='line_1_9' title="bbox 778 993 2662 1077; baseline 0.002 -21"><span class='ocrx_word' id='word_1_44' title='bbox 778 1004 959 1055; x_wconf 86' lang='lat' dir='ltr'><strong>tatem</strong></span> <span class='ocrx_word' id='word_1_45' title='bbox 984 996 1273 1056; x_wconf 85' lang='lat' dir='ltr'><strong>evadendi</strong></span> <span class='ocrx_word' id='word_1_46' title='bbox 1297 997 1418 1077; x_wconf 90' lang='lat' dir='ltr'><strong>ipse</strong></span> <span class='ocrx_word' id='word_1_47' title='bbox 1445 998 1661 1056; x_wconf 85' lang='lat' dir='ltr'><strong>amisit.</strong></span> <span class='ocrx_word' id='word_1_48' title='bbox 1724 995 1920 1076; x_wconf 87' lang='lat' dir='ltr'><strong>Capta</strong></span> <span class='ocrx_word' id='word_1_49' title='bbox 1944 1015 2076 1055; x_wconf 89' lang='lat' dir='ltr'><strong>cum</strong></span> <span class='ocrx_word' id='word_1_50' title='bbox 2102 995 2253 1055; x_wconf 89' lang='lat' dir='ltr'><strong>duce</strong></span> <span class='ocrx_word' id='word_1_51' title='bbox 2277 994 2465 1054; x_wconf 90' lang='lat' dir='ltr'><strong>millia</strong></span> <span class='ocrx_word' id='word_1_52' title='bbox 2492 993 2662 1059; x_wconf 86' lang='lat' dir='ltr'><strong>Sam-</strong></span> 
     </span>
     <span class='ocr_line' id='line_1_10' title="bbox 780 1090 2661 1172; baseline 0 -21"><span class='ocrx_word' id='word_1_53' title='bbox 780 1093 988 1154; x_wconf 86' lang='lat' dir='ltr'><strong>nitium</strong></span> <span class='ocrx_word' id='word_1_54' title='bbox 1013 1102 1297 1171; x_wconf 63' lang='lat' dir='ltr'><strong>quatuor:</strong></span> <span class='ocrx_word' id='word_1_55' title='bbox 1338 1092 1415 1152; x_wconf 85' lang='lat' dir='ltr'><strong>ad</strong></span> <span class='ocrx_word' id='word_1_56' title='bbox 1443 1092 1633 1152; x_wconf 90' lang='lat' dir='ltr'><strong>millia</strong></span> <span class='ocrx_word' id='word_1_57' title='bbox 1657 1092 1865 1170; x_wconf 81' lang='lat' dir='ltr'><strong>viginti</strong></span> <span class='ocrx_word' id='word_1_58' title='bbox 1893 1091 2157 1172; x_wconf 73' lang='lat' dir='ltr'><strong>praelium</strong></span> <span class='ocrx_word' id='word_1_59' title='bbox 2182 1100 2245 1150; x_wconf 93' lang='lat' dir='ltr'><strong>et</strong></span> <span class='ocrx_word' id='word_1_60' title='bbox 2281 1090 2424 1169; x_wconf 81' lang='lat' dir='ltr'><strong>fuga</strong></span> <span class='ocrx_word' id='word_1_61' title='bbox 2456 1091 2661 1151; x_wconf 85' lang='lat' dir='ltr'><strong>hause-</strong></span> 
     </span>
     <span class='ocr_line' id='line_1_11' title="bbox 781 1187 2663 1268; baseline 0.001 -21"><span class='ocrx_word' id='word_1_62' title='bbox 781 1198 933 1248; x_wconf 87' lang='lat' dir='ltr'><strong>runt.</strong></span> <span class='ocrx_word' id='word_1_63' title='bbox 1018 1188 1218 1248; x_wconf 81' lang='lat' dir='ltr'><strong>Etiam</strong></span> <span class='ocrx_word' id='word_1_64' title='bbox 1255 1198 1449 1249; x_wconf 87' lang='lat' dir='ltr'><strong>castra</strong></span> <span class='ocrx_word' id='word_1_65' title='bbox 1482 1189 1733 1249; x_wconf 87' lang='lat' dir='ltr'><strong>hostium</strong></span> <span class='ocrx_word' id='word_1_66' title='bbox 1775 1189 1832 1247; x_wconf 92' lang='lat' dir='ltr'><strong>in</strong></span> <span class='ocrx_word' id='word_1_67' title='bbox 1874 1197 2221 1268; x_wconf 88' lang='lat' dir='ltr'><strong>potestatem</strong></span> <span class='ocrx_word' id='word_1_68' title='bbox 2246 1187 2484 1247; x_wconf 85' lang='lat' dir='ltr'><strong>redacta</strong></span> <span class='ocrx_word' id='word_1_69' title='bbox 2506 1199 2663 1259; x_wconf 89' lang='lat' dir='ltr'><strong>sunt,</strong></span> 
     </span>
     <span class='ocr_line' id='line_1_12' title="bbox 780 1283 2663 1365; baseline 0.001 -23"><span class='ocrx_word' id='word_1_70' title='bbox 780 1304 914 1343; x_wconf 91' lang='lat' dir='ltr'><strong>cum</strong></span> <span class='ocrx_word' id='word_1_71' title='bbox 940 1285 1163 1364; x_wconf 82' lang='lat' dir='ltr'><strong>ingenti</strong></span> <span class='ocrx_word' id='word_1_72' title='bbox 1188 1285 1408 1365; x_wconf 81' lang='lat' dir='ltr'><strong>praeda,</strong></span> <span class='ocrx_word' id='word_1_73' title='bbox 1435 1305 1613 1364; x_wconf 82' lang='lat' dir='ltr'><strong>quam</strong></span> <span class='ocrx_word' id='word_1_74' title='bbox 1636 1286 1832 1343; x_wconf 88' lang='lat' dir='ltr'><strong>statim</strong></span> <span class='ocrx_word' id='word_1_75' title='bbox 1859 1285 1982 1362; x_wconf 90' lang='lat' dir='ltr'><strong>agri</strong></span> <span class='ocrx_word' id='word_1_76' title='bbox 2008 1284 2258 1343; x_wconf 88' lang='lat' dir='ltr'><strong>hostium</strong></span> <span class='ocrx_word' id='word_1_77' title='bbox 2286 1283 2404 1344; x_wconf 89' lang='lat' dir='ltr'><strong>late</strong></span> <span class='ocrx_word' id='word_1_78' title='bbox 2427 1285 2663 1356; x_wconf 82' lang='lat' dir='ltr'><strong>vastati,</strong></span> 
     </span>
     <span class='ocr_line' id='line_1_13' title="bbox 780 1379 2664 1489; baseline 0 -48"><span class='ocrx_word' id='word_1_79' title='bbox 780 1381 1109 1460; x_wconf 76' lang='lat' dir='ltr'><strong>passimque</strong></span> <span class='ocrx_word' id='word_1_80' title='bbox 1134 1391 1493 1461; x_wconf 86' lang='lat' dir='ltr'><strong>expugnata,</strong></span> <span class='ocrx_word' id='word_1_81' title='bbox 1523 1390 1626 1442; x_wconf 90' lang='lat' dir='ltr'><strong>aut</strong></span> <span class='ocrx_word' id='word_1_82' title='bbox 1663 1379 1866 1441; x_wconf 90' lang='lat' dir='ltr'><strong>dedita</strong></span> <span class='ocrx_word' id='word_1_83' title='bbox 1889 1379 2107 1489; x_wconf 87' lang='lat' dir='ltr'><strong>oppida</strong></span> <span class='ocrx_word' id='word_1_84' title='bbox 2132 1380 2459 1441; x_wconf 83' lang='lat' dir='ltr'><strong>luculenter</strong></span> <span class='ocrx_word' id='word_1_85' title='bbox 2484 1400 2664 1441; x_wconf 86' lang='lat' dir='ltr'><strong>auxe-</strong></span> 
     </span>
    </p>
   </div>
   <div class='ocr_carea' id='block_1_5' title="bbox 642 1472 2666 1541">
    <p class='ocr_par' dir='ltr' id='par_1_5' title="bbox 642 1472 2666 1541">
     <span class='ocr_line' id='line_1_14' title="bbox 642 1472 2666 1541; baseline -0.002 -1"><span class='ocrx_word' id='word_1_86' title='bbox 642 1525 656 1541; x_wconf 91' lang='lat'><strong>.</strong></span> <span class='ocrx_word' id='word_1_87' title='bbox 679 1508 744 1540; x_wconf 83' lang='lat' dir='ltr'><strong>u.</strong></span> <span class='ocrx_word' id='word_1_88' title='bbox 781 1486 935 1537; x_wconf 81' lang='lat' dir='ltr'><strong>runt.</strong></span> <span class='ocrx_word' id='word_1_89' title='bbox 1013 1476 1211 1537; x_wconf 86' lang='lat' dir='ltr'><strong>Tanta</strong></span> <span class='ocrx_word' id='word_1_90' title='bbox 1234 1497 1421 1537; x_wconf 87' lang='lat' dir='ltr'><strong>rerum</strong></span> <span class='ocrx_word' id='word_1_91' title='bbox 1446 1477 1825 1537; x_wconf 77' lang='lat' dir='ltr'><strong>commutatio</strong></span> <span class='ocrx_word' id='word_1_92' title='bbox 1851 1472 2180 1536; x_wconf 76' lang='lat' dir='ltr'><strong>accessione</strong></span> <span class='ocrx_word' id='word_1_93' title='bbox 2205 1477 2373 1535; x_wconf 89' lang='lat' dir='ltr'><strong>unius</strong></span> <span class='ocrx_word' id='word_1_94' title='bbox 2416 1477 2666 1537; x_wconf 84' lang='lat' dir='ltr'><strong>hominis</strong></span> 
     </span>
    </p>
   </div>
   <div class='ocr_carea' id='block_1_6' title="bbox 778 1572 2672 3107">
    <p class='ocr_par' dir='ltr' id='par_1_6' title="bbox 778 1572 2672 3093">
     <span class='ocr_line' id='line_1_15' title="bbox 780 1572 2665 1653; baseline 0 -21"><span class='ocrx_word' id='word_1_95' title='bbox 780 1572 940 1634; x_wconf 78' lang='lat' dir='ltr'><strong>facta</strong></span> <span class='ocrx_word' id='word_1_96' title='bbox 958 1584 1068 1645; x_wconf 89' lang='lat' dir='ltr'><strong>est,</strong></span> <span class='ocrx_word' id='word_1_97' title='bbox 1094 1582 1161 1633; x_wconf 91' lang='lat' dir='ltr'><strong>ut</strong></span> <span class='ocrx_word' id='word_1_98' title='bbox 1185 1574 1364 1653; x_wconf 87' lang='lat' dir='ltr'><strong>paulo</strong></span> <span class='ocrx_word' id='word_1_99' title='bbox 1389 1584 1527 1633; x_wconf 78' lang='lat' dir='ltr'><strong>ante</strong></span> <span class='ocrx_word' id='word_1_100' title='bbox 1552 1574 1739 1634; x_wconf 81' lang='lat' dir='ltr'><strong>victor</strong></span> <span class='ocrx_word' id='word_1_101' title='bbox 1763 1574 2053 1633; x_wconf 82' lang='lat' dir='ltr'><strong>exercitus</strong></span> <span class='ocrx_word' id='word_1_102' title='bbox 2080 1575 2289 1633; x_wconf 83' lang='lat' dir='ltr'><strong>avicto</strong></span> <span class='ocrx_word' id='word_1_103' title='bbox 2311 1572 2665 1633; x_wconf 76' lang='lat' dir='ltr'><strong>caederetur:</strong></span> 
     </span>
     <span class='ocr_line' id='line_1_16' title="bbox 779 1667 2662 1750; baseline -0.001 -21"><span class='ocrx_word' id='word_1_104' title='bbox 779 1679 841 1729; x_wconf 89' lang='lat' dir='ltr'><strong>et</strong></span> <span class='ocrx_word' id='word_1_105' title='bbox 864 1690 996 1729; x_wconf 91' lang='lat' dir='ltr'><strong>eum</strong></span> <span class='ocrx_word' id='word_1_106' title='bbox 1023 1671 1452 1750; x_wconf 79' lang='lat' dir='ltr'><strong>imperatorem,</strong></span> <span class='ocrx_word' id='word_1_107' title='bbox 1470 1690 1507 1729; x_wconf 89' lang='lat' dir='ltr'><strong>a</strong></span> <span class='ocrx_word' id='word_1_108' title='bbox 1524 1690 1642 1749; x_wconf 89' lang='lat' dir='ltr'><strong>quo</strong></span> <span class='ocrx_word' id='word_1_109' title='bbox 1666 1669 1827 1729; x_wconf 84' lang='lat' dir='ltr'><strong>fusus</strong></span> <span class='ocrx_word' id='word_1_110' title='bbox 1850 1669 2200 1748; x_wconf 72' lang='lat' dir='ltr'><strong>fugatusque</strong></span> <span class='ocrx_word' id='word_1_111' title='bbox 2225 1668 2426 1728; x_wconf 90' lang='lat' dir='ltr'><strong>consul</strong></span> <span class='ocrx_word' id='word_1_112' title='bbox 2451 1667 2662 1740; x_wconf 81' lang='lat' dir='ltr'><strong>fuerat,</strong></span> 
     </span>
     <span class='ocr_line' id='line_1_17' title="bbox 781 1763 2665 1847; baseline -0.001 -23"><span class='ocrx_word' id='word_1_113' title='bbox 781 1767 903 1846; x_wconf 84' lang='lat' dir='ltr'><strong>ipse</strong></span> <span class='ocrx_word' id='word_1_114' title='bbox 948 1786 1100 1826; x_wconf 91' lang='lat' dir='ltr'><strong>nunc</strong></span> <span class='ocrx_word' id='word_1_115' title='bbox 1140 1768 1440 1847; x_wconf 82' lang='lat' dir='ltr'><strong>captivum</strong></span> <span class='ocrx_word' id='word_1_116' title='bbox 1487 1766 1826 1835; x_wconf 90' lang='lat' dir='ltr'><strong>abduceret,</strong></span> <span class='ocrx_word' id='word_1_117' title='bbox 1870 1766 2070 1844; x_wconf 87' lang='lat' dir='ltr'><strong>ingens</strong></span> <span class='ocrx_word' id='word_1_118' title='bbox 2120 1764 2338 1844; x_wconf 91' lang='lat' dir='ltr'><strong>populo</strong></span> <span class='ocrx_word' id='word_1_119' title='bbox 2384 1763 2665 1824; x_wconf 86' lang='lat' dir='ltr'><strong>Romano</strong></span> 
     </span>
     <span class='ocr_line' id='line_1_18' title="bbox 778 1862 2663 1942; baseline -0.001 -21"><span class='ocrx_word' id='word_1_120' title='bbox 778 1862 1198 1942; x_wconf 81' lang='lat' dir='ltr'><strong>spectaculum,</strong></span> <span class='ocrx_word' id='word_1_121' title='bbox 1243 1872 1305 1921; x_wconf 93' lang='lat' dir='ltr'><strong>et</strong></span> <span class='ocrx_word' id='word_1_122' title='bbox 1344 1871 1744 1925; x_wconf 88' lang='lat' dir='ltr'><strong>ornamentum</strong></span> <span class='ocrx_word' id='word_1_123' title='bbox 1785 1862 2060 1941; x_wconf 85' lang='lat' dir='ltr'><strong>triumphi</strong></span> <span class='ocrx_word' id='word_1_124' title='bbox 2103 1862 2229 1920; x_wconf 87' lang='lat' dir='ltr'><strong>sui:</strong></span> <span class='ocrx_word' id='word_1_125' title='bbox 2297 1881 2470 1940; x_wconf 90' lang='lat' dir='ltr'><strong>quem</strong></span> <span class='ocrx_word' id='word_1_126' title='bbox 2510 1880 2663 1920; x_wconf 89' lang='lat' dir='ltr'><strong>anno</strong></span> 
     </span>
     <span class='ocr_line' id='line_1_19' title="bbox 778 1956 2662 2038; baseline -0.001 -21"><span class='ocrx_word' id='word_1_127' title='bbox 778 1969 1059 2038; x_wconf 78' lang='lat' dir='ltr'><strong>sequente</strong></span> <span class='ocrx_word' id='word_1_128' title='bbox 1084 1958 1162 2018; x_wconf 89' lang='lat' dir='ltr'><strong>ad</strong></span> <span class='ocrx_word' id='word_1_129' title='bbox 1182 1959 1385 2019; x_wconf 88' lang='lat' dir='ltr'><strong>urbem</strong></span> <span class='ocrx_word' id='word_1_130' title='bbox 1409 1979 1668 2019; x_wconf 86' lang='lat' dir='ltr'><strong>reversus</strong></span> <span class='ocrx_word' id='word_1_131' title='bbox 1690 1977 1915 2018; x_wconf 90' lang='lat' dir='ltr'><strong>summa</strong></span> <span class='ocrx_word' id='word_1_132' title='bbox 1940 1957 2198 2017; x_wconf 88' lang='lat' dir='ltr'><strong>omnium</strong></span> <span class='ocrx_word' id='word_1_133' title='bbox 2230 1956 2532 2017; x_wconf 81' lang='lat' dir='ltr'><strong>voluntate</strong></span> <span class='ocrx_word' id='word_1_134' title='bbox 2557 1957 2662 2015; x_wconf 89' lang='lat' dir='ltr'><strong>im-</strong></span> 
     </span>
     <span class='ocr_line' id='line_1_20' title="bbox 784 2056 2658 2133; baseline -0.001 -19"><span class='ocrx_word' id='word_1_135' title='bbox 784 2056 1050 2133; x_wconf 84' lang='lat' dir='ltr'><strong>petravit.</strong></span> <span class='ocrx_word' id='word_1_136' title='bbox 2645 2088 2658 2097; x_wconf 51' lang='lat' dir='ltr'>f</span> 
     </span>
     <span class='ocr_line' id='line_1_21' title="bbox 861 2148 2665 2220; baseline -0.001 -10"><span class='ocrx_word' id='word_1_137' title='bbox 861 2156 960 2211; x_wconf 87' lang='grc'><strong>10.</strong></span> <span class='ocrx_word' id='word_1_138' title='bbox 1006 2149 1168 2210; x_wconf 89' lang='lat' dir='ltr'><strong>Dum</strong></span> <span class='ocrx_word' id='word_1_139' title='bbox 1187 2151 1313 2212; x_wconf 76' lang='lat' dir='ltr'><strong>haec</strong></span> <span class='ocrx_word' id='word_1_140' title='bbox 1339 2171 1378 2211; x_wconf 87' lang='lat' dir='ltr'><strong>a</strong></span> <span class='ocrx_word' id='word_1_141' title='bbox 1401 2150 1606 2211; x_wconf 88' lang='lat' dir='ltr'><strong>Fabiis</strong></span> <span class='ocrx_word' id='word_1_142' title='bbox 1630 2151 1688 2211; x_wconf 91' lang='lat' dir='ltr'><strong>in</strong></span> <span class='ocrx_word' id='word_1_143' title='bbox 1718 2150 1959 2211; x_wconf 88' lang='lat' dir='ltr'><strong>Samnio</strong></span> <span class='ocrx_word' id='word_1_144' title='bbox 1976 2150 2470 2220; x_wconf 76' lang='lat' dir='ltr'><strong>administrantur,</strong></span> <span class='ocrx_word' id='word_1_145' title='bbox 2488 2148 2665 2209; x_wconf 84' lang='lat' dir='ltr'><strong>etiam</strong></span> 
     </span>
     <span class='ocr_line' id='line_1_22' title="bbox 782 2246 2665 2327; baseline 0 -22"><span class='ocrx_word' id='word_1_146' title='bbox 782 2246 930 2306; x_wconf 88' lang='lat' dir='ltr'><strong>alter</strong></span> <span class='ocrx_word' id='word_1_147' title='bbox 963 2246 1187 2318; x_wconf 89' lang='lat' dir='ltr'><strong>consul,</strong></span> <span class='ocrx_word' id='word_1_148' title='bbox 1233 2246 1315 2307; x_wconf 89' lang='lat' dir='ltr'><strong>D.</strong></span> <span class='ocrx_word' id='word_1_149' title='bbox 1346 2247 1591 2318; x_wconf 88' lang='lat' dir='ltr'><strong>Brutus,</strong></span> <span class='ocrx_word' id='word_1_150' title='bbox 1632 2247 1728 2308; x_wconf 90' lang='lat' dir='ltr'><strong>cui</strong></span> <span class='ocrx_word' id='word_1_151' title='bbox 1772 2247 1992 2307; x_wconf 84' lang='lat' dir='ltr'><strong>Falisci</strong></span> <span class='ocrx_word' id='word_1_152' title='bbox 2029 2246 2333 2327; x_wconf 83' lang='lat' dir='ltr'><strong>provincia</strong></span> <span class='ocrx_word' id='word_1_153' title='bbox 2371 2254 2665 2314; x_wconf 83' lang='lat' dir='ltr'><strong>evenerat,</strong></span> 
     </span>
     <span class='ocr_line' id='line_1_23' title="bbox 780 2340 2668 2424; baseline -0.002 -21"><span class='ocrx_word' id='word_1_154' title='bbox 780 2343 1064 2423; x_wconf 81' lang='lat' dir='ltr'><strong>prosperis</strong></span> <span class='ocrx_word' id='word_1_155' title='bbox 1085 2343 1258 2403; x_wconf 90' lang='lat' dir='ltr'><strong>rebus</strong></span> <span class='ocrx_word' id='word_1_156' title='bbox 1292 2364 1429 2403; x_wconf 89' lang='lat' dir='ltr'><strong>usus</strong></span> <span class='ocrx_word' id='word_1_157' title='bbox 1448 2352 1557 2403; x_wconf 86' lang='lat' dir='ltr'><strong>est.</strong></span> <span class='ocrx_word' id='word_1_158' title='bbox 1642 2343 1883 2424; x_wconf 80' lang='lat' dir='ltr'><strong>Quippe</strong></span> <span class='ocrx_word' id='word_1_159' title='bbox 1921 2343 2160 2421; x_wconf 83' lang='lat' dir='ltr'><strong>adjutus</strong></span> <span class='ocrx_word' id='word_1_160' title='bbox 2196 2364 2234 2403; x_wconf 91' lang='lat' dir='ltr'><strong>a</strong></span> <span class='ocrx_word' id='word_1_161' title='bbox 2264 2342 2369 2422; x_wconf 86' lang='lat' dir='ltr'><strong>Sp.</strong></span> <span class='ocrx_word' id='word_1_162' title='bbox 2399 2340 2668 2401; x_wconf 84' lang='lat' dir='ltr'><strong>Carvilio</strong></span> 
     </span>
     <span class='ocr_line' id='line_1_24' title="bbox 778 2438 2668 2519; baseline -0.001 -21"><span class='ocrx_word' id='word_1_163' title='bbox 778 2438 994 2518; x_wconf 89' lang='lat' dir='ltr'><strong>legato,</strong></span> <span class='ocrx_word' id='word_1_164' title='bbox 1024 2443 1187 2517; x_wconf 89' lang='lat' dir='ltr'><strong>(nam</strong></span> <span class='ocrx_word' id='word_1_165' title='bbox 1229 2449 1291 2500; x_wconf 86' lang='lat' dir='ltr'><strong>et</strong></span> <span class='ocrx_word' id='word_1_166' title='bbox 1332 2440 1521 2500; x_wconf 87' lang='lat' dir='ltr'><strong>Bruto</strong></span> <span class='ocrx_word' id='word_1_167' title='bbox 1565 2439 1822 2518; x_wconf 88' lang='lat' dir='ltr'><strong>legatum</strong></span> <span class='ocrx_word' id='word_1_168' title='bbox 1867 2440 2110 2518; x_wconf 85' lang='lat' dir='ltr'><strong>adjungi</strong></span> <span class='ocrx_word' id='word_1_169' title='bbox 2148 2439 2497 2519; x_wconf 83' lang='lat' dir='ltr'><strong>placuerat,)</strong></span> <span class='ocrx_word' id='word_1_170' title='bbox 2540 2438 2668 2497; x_wconf 82' lang='lat' dir='ltr'><strong>viro</strong></span> 
     </span>
     <span class='ocr_line' id='line_1_25' title="bbox 778 2535 2668 2615; baseline -0.001 -20"><span class='ocrx_word' id='word_1_171' title='bbox 778 2535 1060 2595; x_wconf 90' lang='lat' dir='ltr'><strong>bellorum</strong></span> <span class='ocrx_word' id='word_1_172' title='bbox 1085 2545 1147 2595; x_wconf 93' lang='lat' dir='ltr'><strong>et</strong></span> <span class='ocrx_word' id='word_1_173' title='bbox 1185 2537 1368 2596; x_wconf 88' lang='lat' dir='ltr'><strong>hostis</strong></span> <span class='ocrx_word' id='word_1_174' title='bbox 1403 2556 1607 2614; x_wconf 87' lang='lat' dir='ltr'><strong>gnaro,</strong></span> <span class='ocrx_word' id='word_1_175' title='bbox 1649 2535 1925 2595; x_wconf 83' lang='lat' dir='ltr'><strong>adversus</strong></span> <span class='ocrx_word' id='word_1_176' title='bbox 1964 2554 2140 2614; x_wconf 89' lang='lat' dir='ltr'><strong>quem</strong></span> <span class='ocrx_word' id='word_1_177' title='bbox 2181 2535 2472 2615; x_wconf 85' lang='lat' dir='ltr'><strong>superiore</strong></span> <span class='ocrx_word' id='word_1_178' title='bbox 2513 2553 2668 2593; x_wconf 88' lang='lat' dir='ltr'><strong>anno</strong></span> 
     </span>
     <span class='ocr_line' id='line_1_26' title="bbox 778 2629 2666 2711; baseline -0.002 -19"><span class='ocrx_word' id='word_1_179' title='bbox 778 2631 979 2692; x_wconf 87' lang='lat' dir='ltr'><strong>consul</strong></span> <span class='ocrx_word' id='word_1_180' title='bbox 1000 2652 1120 2692; x_wconf 87' lang='lat' dir='ltr'><strong>rem</strong></span> <span class='ocrx_word' id='word_1_181' title='bbox 1144 2631 1395 2692; x_wconf 88' lang='lat' dir='ltr'><strong>feliciter</strong></span> <span class='ocrx_word' id='word_1_182' title='bbox 1421 2640 1695 2711; x_wconf 84' lang='lat' dir='ltr'><strong>gesserat,</strong></span> <span class='ocrx_word' id='word_1_183' title='bbox 1723 2640 1786 2691; x_wconf 86' lang='lat' dir='ltr'><strong>et</strong></span> <span class='ocrx_word' id='word_1_184' title='bbox 1808 2640 2018 2691; x_wconf 81' lang='lat' dir='ltr'><strong>ceterae</strong></span> <span class='ocrx_word' id='word_1_185' title='bbox 2035 2629 2287 2690; x_wconf 82' lang='lat' dir='ltr'><strong>Etruriae</strong></span> <span class='ocrx_word' id='word_1_186' title='bbox 2303 2638 2527 2710; x_wconf 84' lang='lat' dir='ltr'><strong>partem</strong></span> <span class='ocrx_word' id='word_1_187' title='bbox 2553 2650 2666 2689; x_wconf 91' lang='lat' dir='ltr'><strong>non</strong></span> 
     </span>
     <span class='ocr_line' id='line_1_27' title="bbox 779 2726 2672 2810; baseline -0.001 -23"><span class='ocrx_word' id='word_1_188' title='bbox 779 2729 1055 2806; x_wconf 85' lang='lat' dir='ltr'><strong>exiguam</strong></span> <span class='ocrx_word' id='word_1_189' title='bbox 1108 2730 1527 2810; x_wconf 86' lang='lat' dir='ltr'><strong>perpopulatus</strong></span> <span class='ocrx_word' id='word_1_190' title='bbox 1570 2737 1679 2798; x_wconf 89' lang='lat' dir='ltr'><strong>est,</strong></span> <span class='ocrx_word' id='word_1_191' title='bbox 1734 2737 1798 2787; x_wconf 87' lang='lat' dir='ltr'><strong>et</strong></span> <span class='ocrx_word' id='word_1_192' title='bbox 1850 2726 2114 2787; x_wconf 84' lang='lat' dir='ltr'><strong>Faliscos</strong></span> <span class='ocrx_word' id='word_1_193' title='bbox 2164 2746 2460 2786; x_wconf 85' lang='lat' dir='ltr'><strong>occurrere</strong></span> <span class='ocrx_word' id='word_1_194' title='bbox 2502 2746 2672 2785; x_wconf 71' lang='lat' dir='ltr'><strong>amos</strong></span> 
     </span>
     <span class='ocr_line' id='line_1_28' title="bbox 781 2823 2670 2903; baseline 0.001 -22"><span class='ocrx_word' id='word_1_195' title='bbox 781 2824 981 2903; x_wconf 80' lang='lat' dir='ltr'><strong>praelio</strong></span> <span class='ocrx_word' id='word_1_196' title='bbox 1019 2825 1183 2884; x_wconf 84' lang='lat' dir='ltr'><strong>vicit.</strong></span> <span class='ocrx_word' id='word_1_197' title='bbox 1270 2824 1394 2883; x_wconf 85' lang='lat' dir='ltr'><strong>His</strong></span> <span class='ocrx_word' id='word_1_198' title='bbox 1429 2825 1602 2882; x_wconf 86' lang='lat' dir='ltr'><strong>rebus</strong></span> <span class='ocrx_word' id='word_1_199' title='bbox 1640 2824 1700 2882; x_wconf 92' lang='lat' dir='ltr'><strong>in</strong></span> <span class='ocrx_word' id='word_1_200' title='bbox 1729 2824 1931 2883; x_wconf 87' lang='lat' dir='ltr'><strong>urbem</strong></span> <span class='ocrx_word' id='word_1_201' title='bbox 1957 2823 2257 2893; x_wconf 82' lang='lat' dir='ltr'><strong>nuntiatis,</strong></span> <span class='ocrx_word' id='word_1_202' title='bbox 2284 2841 2418 2882; x_wconf 90' lang='lat' dir='ltr'><strong>cum</strong></span> <span class='ocrx_word' id='word_1_203' title='bbox 2441 2829 2670 2901; x_wconf 76' lang='lat' dir='ltr'><strong>tempus</strong></span> 
     </span>
     <span class='ocr_line' id='line_1_29' title="bbox 779 2914 2666 2996; baseline 0 -20"><span class='ocrx_word' id='word_1_204' title='bbox 779 2914 1142 2978; x_wconf 89' lang='lat' dir='ltr'><strong>comitiorum</strong></span> <span class='ocrx_word' id='word_1_205' title='bbox 1164 2919 1437 2987; x_wconf 80' lang='lat' dir='ltr'><strong>venisset,</strong></span> <span class='ocrx_word' id='word_1_206' title='bbox 1464 2917 1844 2996; x_wconf 87' lang='lat' dir='ltr'><strong>consulesque</strong></span> <span class='ocrx_word' id='word_1_207' title='bbox 1870 2938 1909 2978; x_wconf 89' lang='lat' dir='ltr'><strong>a</strong></span> <span class='ocrx_word' id='word_1_208' title='bbox 1933 2918 2104 2977; x_wconf 86' lang='lat' dir='ltr'><strong>rebus</strong></span> <span class='ocrx_word' id='word_1_209' title='bbox 2130 2917 2396 2996; x_wconf 82' lang='lat' dir='ltr'><strong>gerendis</strong></span> <span class='ocrx_word' id='word_1_210' title='bbox 2430 2917 2666 2977; x_wconf 86' lang='lat' dir='ltr'><strong>avocari</strong></span> 
     </span>
     <span class='ocr_line' id='line_1_30' title="bbox 781 3012 2669 3107; baseline -0.002 -33"><span class='ocrx_word' id='word_1_211' title='bbox 781 3028 989 3091; x_wconf 72' lang='lat' dir='ltr'><strong>parum</strong></span> <span class='ocrx_word' id='word_1_212' title='bbox 1052 3033 1086 3072; x_wconf 85' lang='lat' dir='ltr'><strong>e</strong></span> <span class='ocrx_word' id='word_1_213' title='bbox 1152 3012 1453 3107; x_wconf 83' lang='lat' dir='ltr'><strong>republica</strong></span> <span class='ocrx_word' id='word_1_214' title='bbox 1502 3013 1817 3083; x_wconf 83' lang='lat' dir='ltr'><strong>videretur,</strong></span> <span class='ocrx_word' id='word_1_215' title='bbox 1868 3015 2254 3091; x_wconf 84' lang='lat' dir='ltr'><strong>interregnum</strong></span> <span class='ocrx_word' id='word_1_216' title='bbox 2304 3022 2393 3072; x_wconf 84' lang='lat' dir='ltr'><strong>est</strong></span> <span class='ocrx_word' id='word_1_217' title='bbox 2443 3013 2669 3074; x_wconf 90' lang='lat' dir='ltr'><strong>initum.</strong></span> 
     </span>
    </p>
   </div>
   <div class='ocr_carea' id='block_1_7' title="bbox 584 3106 2668 3189">
    <p class='ocr_par' dir='ltr' id='par_1_7' title="bbox 584 3106 2668 3189">
     <span class='ocr_line' id='line_1_31' title="bbox 584 3106 2668 3189; baseline 0.002 -25"><span class='ocrx_word' id='word_1_218' title='bbox 584 3133 690 3166; x_wconf 75' lang='lat' dir='ltr'><strong>xxv</strong></span> <span class='ocrx_word' id='word_1_219' title='bbox 784 3106 1053 3168; x_wconf 76' lang='lat' dir='ltr'><strong>Inter-rex</strong></span> <span class='ocrx_word' id='word_1_220' title='bbox 1083 3109 1152 3169; x_wconf 92' lang='lat' dir='ltr'><strong>L.</strong></span> <span class='ocrx_word' id='word_1_221' title='bbox 1183 3109 1527 3169; x_wconf 87' lang='lat' dir='ltr'><strong>Postumius</strong></span> <span class='ocrx_word' id='word_1_222' title='bbox 1559 3109 1877 3187; x_wconf 86' lang='lat' dir='ltr'><strong>Megellus,</strong></span> <span class='ocrx_word' id='word_1_223' title='bbox 1903 3111 2153 3169; x_wconf 88' lang='lat' dir='ltr'><strong>comitiis</strong></span> <span class='ocrx_word' id='word_1_224' title='bbox 2177 3129 2311 3188; x_wconf 80' lang='lat' dir='ltr'><strong>quae</strong></span> <span class='ocrx_word' id='word_1_225' title='bbox 2336 3110 2460 3189; x_wconf 87' lang='lat' dir='ltr'><strong>ipse</strong></span> <span class='ocrx_word' id='word_1_226' title='bbox 2485 3108 2668 3168; x_wconf 86' lang='lat' dir='ltr'><strong>habe·</strong></span> 
     </span>
    </p>
   </div>
   <div class='ocr_carea' id='block_1_8' title="bbox 782 3204 2669 3285">
    <p class='ocr_par' dir='ltr' id='par_1_8' title="bbox 782 3204 2669 3285">
     <span class='ocr_line' id='line_1_32' title="bbox 782 3204 2669 3285; baseline 0.002 -23"><span class='ocrx_word' id='word_1_227' title='bbox 782 3204 907 3275; x_wconf 86' lang='lat' dir='ltr'><strong>bat,</strong></span> <span class='ocrx_word' id='word_1_228' title='bbox 933 3204 1133 3264; x_wconf 89' lang='lat' dir='ltr'><strong>consul</strong></span> <span class='ocrx_word' id='word_1_229' title='bbox 1158 3205 1490 3265; x_wconf 86' lang='lat' dir='ltr'><strong>declaratus</strong></span> <span class='ocrx_word' id='word_1_230' title='bbox 1516 3214 1641 3264; x_wconf 85' lang='lat' dir='ltr'><strong>est:</strong></span> <span class='ocrx_word' id='word_1_231' title='bbox 1686 3205 1849 3264; x_wconf 88' lang='lat' dir='ltr'><strong>nullo</strong></span> <span class='ocrx_word' id='word_1_232' title='bbox 1884 3204 1961 3264; x_wconf 85' lang='lat' dir='ltr'><strong>ad</strong></span> <span class='ocrx_word' id='word_1_233' title='bbox 2004 3225 2137 3265; x_wconf 88' lang='lat' dir='ltr'><strong>eam</strong></span> <span class='ocrx_word' id='word_1_234' title='bbox 2170 3204 2327 3267; x_wconf 91' lang='lat' dir='ltr'><strong>diem</strong></span> <span class='ocrx_word' id='word_1_235' title='bbox 2371 3204 2669 3285; x_wconf 84' lang='lat' dir='ltr'><strong>exemplo,</strong></span> 
     </span>
    </p>
   </div>
   <div class='ocr_carea' id='block_1_9' title="bbox 588 3299 2670 3381">
    <p class='ocr_par' dir='ltr' id='par_1_9' title="bbox 588 3299 2670 3381">
     <span class='ocr_line' id='line_1_33' title="bbox 588 3299 2670 3381; baseline 0.002 -25"><span class='ocrx_word' id='word_1_236' title='bbox 588 3325 671 3357; x_wconf 82' lang='lat' dir='ltr'><strong>m.</strong></span> <span class='ocrx_word' id='word_1_237' title='bbox 744 3349 758 3362; x_wconf 92' lang='lat'><strong>.</strong></span> <span class='ocrx_word' id='word_1_238' title='bbox 782 3309 1163 3380; x_wconf 79' lang='lat' dir='ltr'><strong>praeterquam</strong></span> <span class='ocrx_word' id='word_1_239' title='bbox 1190 3300 1379 3381; x_wconf 89' lang='lat' dir='ltr'><strong>Appii</strong></span> <span class='ocrx_word' id='word_1_240' title='bbox 1408 3300 1674 3371; x_wconf 83' lang='lat' dir='ltr'><strong>Claudii,</strong></span> <span class='ocrx_word' id='word_1_241' title='bbox 1702 3300 1860 3380; x_wconf 92' lang='lat' dir='ltr'><strong>quod</strong></span> <span class='ocrx_word' id='word_1_242' title='bbox 1895 3302 2082 3361; x_wconf 89' lang='lat' dir='ltr'><strong>bonus</strong></span> <span class='ocrx_word' id='word_1_243' title='bbox 2105 3320 2275 3360; x_wconf 89' lang='lat' dir='ltr'><strong>nemo</strong></span> <span class='ocrx_word' id='word_1_244' title='bbox 2303 3299 2670 3381; x_wconf 81' lang='lat' dir='ltr'><strong>probaverat.</strong></span> 
     </span>
    </p>
   </div>
   <div class='ocr_carea' id='block_1_10' title="bbox 464 3689 759 3803">
    <p class='ocr_par' dir='ltr' id='par_1_10' title="bbox 464 3689 759 3803">
     <span class='ocr_line' id='line_1_34' title="bbox 464 3689 759 3803; baseline 0.004 -1"><span class='ocrx_word' id='word_1_245' title='bbox 464 3689 667 3803; x_wconf 59' lang='lat'><strong>33:1⁶</strong></span> <span class='ocrx_word' id='word_1_246' title='bbox 680 3707 759 3756; x_wconf 72' lang='lat'><strong>⁸⁹·</strong></span> 
     </span>
    </p>
   </div>
   <div class='ocr_carea' id='block_1_11' title="bbox 782 3395 2676 4050">
    <p class='ocr_par' dir='ltr' id='par_1_11' title="bbox 782 3395 2676 4050">
     <span class='ocr_line' id='line_1_35' title="bbox 866 3395 2673 3474; baseline 0.001 -19"><span class='ocrx_word' id='word_1_247' title='bbox 866 3402 962 3454; x_wconf 92' lang='grc'><strong>11.</strong></span> <span class='ocrx_word' id='word_1_248' title='bbox 996 3395 1118 3456; x_wconf 89' lang='lat' dir='ltr'><strong>Sed</strong></span> <span class='ocrx_word' id='word_1_249' title='bbox 1145 3396 1490 3456; x_wconf 88' lang='lat' dir='ltr'><strong>Postumius</strong></span> <span class='ocrx_word' id='word_1_250' title='bbox 1509 3406 1532 3432; x_wconf 78' lang='lat'>⁶</span> <span class='ocrx_word' id='word_1_251' title='bbox 1559 3417 1674 3456; x_wconf 89' lang='lat' dir='ltr'><strong>non</strong></span> <span class='ocrx_word' id='word_1_252' title='bbox 1695 3397 1911 3456; x_wconf 87' lang='lat' dir='ltr'><strong>minore</strong></span> <span class='ocrx_word' id='word_1_253' title='bbox 1928 3396 2257 3474; x_wconf 84' lang='lat' dir='ltr'><strong>arrogantia</strong></span> <span class='ocrx_word' id='word_1_254' title='bbox 2274 3396 2673 3474; x_wconf 83' lang='lat' dir='ltr'><strong>magistratum</strong></span> 
     </span>
     <span class='ocr_line' id='line_1_36' title="bbox 784 3490 2676 3573; baseline 0.001 -23"><span class='ocrx_word' id='word_1_255' title='bbox 784 3492 979 3567; x_wconf 64' lang='lat' dir='ltr'><strong>gemit,</strong></span> <span class='ocrx_word' id='word_1_256' title='bbox 1006 3512 1183 3571; x_wconf 87' lang='lat' dir='ltr'><strong>quam</strong></span> <span class='ocrx_word' id='word_1_257' title='bbox 1203 3490 1531 3573; x_wconf 78' lang='lat' dir='ltr'><strong>acceperat.</strong></span> <span class='ocrx_word' id='word_1_258' title='bbox 1573 3492 1712 3552; x_wconf 84' lang='lat' dir='ltr'><strong>Jam</strong></span> <span class='ocrx_word' id='word_1_259' title='bbox 1736 3494 1980 3573; x_wconf 89' lang='lat' dir='ltr'><strong>primum</strong></span> <span class='ocrx_word' id='word_1_260' title='bbox 2008 3491 2313 3553; x_wconf 81' lang='lat' dir='ltr'><strong>nobilitate</strong></span> <span class='ocrx_word' id='word_1_261' title='bbox 2339 3493 2586 3570; x_wconf 86' lang='lat' dir='ltr'><strong>generis,</strong></span> <span class='ocrx_word' id='word_1_262' title='bbox 2613 3501 2676 3552; x_wconf 90' lang='lat' dir='ltr'><strong>et</strong></span> 
     </span>
     <span class='ocr_line' id='line_1_37' title="bbox 783 3587 2670 3669; baseline 0.002 -25"><span class='ocrx_word' id='word_1_263' title='bbox 783 3588 954 3647; x_wconf 88' lang='lat' dir='ltr'><strong>tertio</strong></span> <span class='ocrx_word' id='word_1_264' title='bbox 979 3597 1102 3647; x_wconf 88' lang='lat' dir='ltr'><strong>tum</strong></span> <span class='ocrx_word' id='word_1_265' title='bbox 1117 3588 1424 3649; x_wconf 84' lang='lat' dir='ltr'><strong>consulatu</strong></span> <span class='ocrx_word' id='word_1_266' title='bbox 1446 3591 1639 3669; x_wconf 89' lang='lat' dir='ltr'><strong>inepte</strong></span> <span class='ocrx_word' id='word_1_267' title='bbox 1655 3588 1844 3658; x_wconf 84' lang='lat' dir='ltr'><strong>ferox,</strong></span> <span class='ocrx_word' id='word_1_268' title='bbox 1861 3587 2151 3665; x_wconf 90' lang='lat' dir='ltr'><strong>collegam</strong></span> <span class='ocrx_word' id='word_1_269' title='bbox 2168 3588 2446 3666; x_wconf 85' lang='lat' dir='ltr'><strong>ejusanni</strong></span> <span class='ocrx_word' id='word_1_270' title='bbox 2469 3587 2544 3647; x_wconf 87' lang='lat' dir='ltr'><strong>C.</strong></span> <span class='ocrx_word' id='word_1_271' title='bbox 2561 3587 2602 3647; x_wconf 83' lang='lat' dir='ltr'>J</span> <span class='ocrx_word' id='word_1_272' title='bbox 2606 3609 2670 3648; x_wconf 98' lang='lat' dir='ltr'><strong>u</strong></span> 
     </span>
     <span class='ocr_line' id='line_1_38' title="bbox 784 3682 2670 3764; baseline 0.002 -24"><span class='ocrx_word' id='word_1_273' title='bbox 784 3682 943 3741; x_wconf 89' lang='lat' dir='ltr'><strong>nium</strong></span> <span class='ocrx_word' id='word_1_274' title='bbox 971 3683 1242 3754; x_wconf 89' lang='lat' dir='ltr'><strong>Brutum,</strong></span> <span class='ocrx_word' id='word_1_275' title='bbox 1272 3685 1568 3764; x_wconf 87' lang='lat' dir='ltr'><strong>plebeium</strong></span> <span class='ocrx_word' id='word_1_276' title='bbox 1595 3683 1910 3755; x_wconf 89' lang='lat' dir='ltr'><strong>hominem,</strong></span> <span class='ocrx_word' id='word_1_277' title='bbox 1944 3692 2010 3742; x_wconf 89' lang='lat' dir='ltr'><strong>ut</strong></span> <span class='ocrx_word' id='word_1_278' title='bbox 2032 3703 2094 3742; x_wconf 86' lang='lat' dir='ltr'><strong>se</strong></span> <span class='ocrx_word' id='word_1_279' title='bbox 2121 3683 2292 3761; x_wconf 87' lang='lat' dir='ltr'><strong>longe</strong></span> <span class='ocrx_word' id='word_1_280' title='bbox 2320 3682 2670 3757; x_wconf 78' lang='lat' dir='ltr'><strong>inferiorem,</strong></span> 
     </span>
     <span class='ocr_line' id='line_1_39' title="bbox 782 3776 2668 3860; baseline 0.002 -25"><span class='ocrx_word' id='word_1_281' title='bbox 782 3776 924 3836; x_wconf 92' lang='lat' dir='ltr'><strong>olim</strong></span> <span class='ocrx_word' id='word_1_282' title='bbox 949 3779 1207 3839; x_wconf 84' lang='lat' dir='ltr'><strong>habebat</strong></span> <span class='ocrx_word' id='word_1_283' title='bbox 1229 3778 1547 3860; x_wconf 87' lang='lat' dir='ltr'><strong>despectui.</strong></span> <span class='ocrx_word' id='word_1_284' title='bbox 1635 3779 1727 3838; x_wconf 85' lang='lat' dir='ltr'><strong>Ut</strong></span> <span class='ocrx_word' id='word_1_285' title='bbox 1750 3798 1888 3838; x_wconf 83' lang='lat' dir='ltr'><strong>vero</strong></span> <span class='ocrx_word' id='word_1_286' title='bbox 1914 3778 1990 3838; x_wconf 91' lang='lat' dir='ltr'><strong>de</strong></span> <span class='ocrx_word' id='word_1_287' title='bbox 2028 3779 2341 3859; x_wconf 83' lang='lat' dir='ltr'><strong>provinciis</strong></span> <span class='ocrx_word' id='word_1_288' title='bbox 2381 3779 2479 3856; x_wconf 87' lang='lat' dir='ltr'><strong>agi</strong></span> <span class='ocrx_word' id='word_1_289' title='bbox 2513 3799 2668 3860; x_wconf 77' lang='lat' dir='ltr'><strong>coep-</strong></span> 
     </span>
     <span class='ocr_line' id='line_1_40' title="bbox 783 3873 2670 3953; baseline 0.003 -24"><span class='ocrx_word' id='word_1_290' title='bbox 783 3880 907 3930; x_wconf 90' lang='lat' dir='ltr'><strong>tum</strong></span> <span class='ocrx_word' id='word_1_291' title='bbox 933 3883 1043 3945; x_wconf 89' lang='lat' dir='ltr'><strong>est,</strong></span> <span class='ocrx_word' id='word_1_292' title='bbox 1068 3894 1254 3953; x_wconf 91' lang='lat' dir='ltr'><strong>neque</strong></span> <span class='ocrx_word' id='word_1_293' title='bbox 1278 3894 1616 3953; x_wconf 81' lang='lat' dir='ltr'><strong>comparare</strong></span> <span class='ocrx_word' id='word_1_294' title='bbox 1635 3894 1769 3934; x_wconf 89' lang='lat' dir='ltr'><strong>cum</strong></span> <span class='ocrx_word' id='word_1_295' title='bbox 1791 3873 2000 3941; x_wconf 82' lang='lat' dir='ltr'><strong>Bruto,</strong></span> <span class='ocrx_word' id='word_1_296' title='bbox 2028 3893 2216 3952; x_wconf 89' lang='lat' dir='ltr'><strong>neque</strong></span> <span class='ocrx_word' id='word_1_297' title='bbox 2243 3874 2435 3933; x_wconf 88' lang='lat' dir='ltr'><strong>sortiri</strong></span> <span class='ocrx_word' id='word_1_298' title='bbox 2461 3874 2670 3947; x_wconf 86' lang='lat' dir='ltr'><strong>voluit,</strong></span> 
     </span>
     <span class='ocr_line' id='line_1_41' title="bbox 788 3966 2669 4050; baseline 0.003 -24"><span class='ocrx_word' id='word_1_299' title='bbox 788 3977 803 4002; x_wconf 81' lang='lat'><strong><em>⁴</em></strong></span> <span class='ocrx_word' id='word_1_300' title='bbox 827 3966 1377 4029; x_wconf 87' lang='lat' dir='ltr'><strong>administrationem</strong></span> <span class='ocrx_word' id='word_1_301' title='bbox 1407 3968 1715 4029; x_wconf 88' lang='lat' dir='ltr'><strong>Samnitici</strong></span> <span class='ocrx_word' id='word_1_302' title='bbox 1734 3967 1880 4027; x_wconf 90' lang='lat' dir='ltr'><strong>belli</strong></span> <span class='ocrx_word' id='word_1_303' title='bbox 1898 3978 2068 4028; x_wconf 86' lang='lat' dir='ltr'><strong>extra</strong></span> <span class='ocrx_word' id='word_1_304' title='bbox 2083 3968 2343 4030; x_wconf 89' lang='lat' dir='ltr'><strong>ordinem</strong></span> <span class='ocrx_word' id='word_1_305' title='bbox 2361 3971 2379 3998; x_wconf 87' lang='lat'>&#39;</span> <span class='ocrx_word' id='word_1_306' title='bbox 2407 3989 2669 4050; x_wconf 80' lang='lat' dir='ltr'><strong>poscens,</strong></span> 
     </span>
    </p>
   </div>
   <div class='ocr_carea' id='block_1_12' title="bbox 790 4125 1989 4258">
    <p class='ocr_par' dir='ltr' id='par_1_12' title="bbox 790 4125 1989 4258">
     <span class='ocr_line' id='line_1_42' title="bbox 850 4125 1989 4178; baseline 0.001 -3"><span class='ocrx_word' id='word_1_307' title='bbox 850 4134 870 4158; x_wconf 58' lang='grc' dir='ltr'><strong><em>θ</em></strong></span> <span class='ocrx_word' id='word_1_308' title='bbox 903 4125 967 4175; x_wconf 82' lang='grc' dir='ltr'><strong>Α.</strong></span> <span class='ocrx_word' id='word_1_309' title='bbox 985 4127 1051 4175; x_wconf 80' lang='lat' dir='ltr'><strong>U.</strong></span> <span class='ocrx_word' id='word_1_310' title='bbox 1069 4128 1129 4178; x_wconf 91' lang='lat' dir='ltr'><strong>C.</strong></span> <span class='ocrx_word' id='word_1_311' title='bbox 1148 4132 1261 4178; x_wconf 73' lang='lat'><strong>461.</strong></span> <span class='ocrx_word' id='word_1_312' title='bbox 1298 4127 1362 4178; x_wconf 86' lang='grc' dir='ltr'><strong>Α.</strong></span> <span class='ocrx_word' id='word_1_313' title='bbox 1382 4129 1443 4178; x_wconf 85' lang='lat' dir='ltr'><strong>C.</strong></span> <span class='ocrx_word' id='word_1_314' title='bbox 1459 4130 1575 4177; x_wconf 81' lang='lat'><strong>291.</strong></span> <span class='ocrx_word' id='word_1_315' title='bbox 1623 4127 1684 4175; x_wconf 83' lang='lat' dir='ltr'><strong>L.</strong></span> <span class='ocrx_word' id='word_1_316' title='bbox 1767 4133 1821 4177; x_wconf 82' lang='lat' dir='ltr'><strong>to</strong></span> <span class='ocrx_word' id='word_1_317' title='bbox 1845 4126 1989 4177; x_wconf 72' lang='lat' dir='ltr'><strong>Con.</strong></span> 
     </span>
     <span class='ocr_line' id='line_1_43' title="bbox 790 4190 1684 4258; baseline 0.003 -19"><span class='ocrx_word' id='word_1_318' title='bbox 790 4190 939 4240; x_wconf 80' lang='lat' dir='ltr'><strong>Post.</strong></span> <span class='ocrx_word' id='word_1_319' title='bbox 960 4192 1183 4258; x_wconf 62' lang='lat' dir='ltr'><strong>Metello</strong></span> <span class='ocrx_word' id='word_1_320' title='bbox 1206 4207 1296 4244; x_wconf 85' lang='grc' dir='ltr'><strong>ιιι.</strong></span> <span class='ocrx_word' id='word_1_321' title='bbox 1328 4194 1387 4243; x_wconf 87' lang='lat' dir='ltr'><strong>C.</strong></span> <span class='ocrx_word' id='word_1_322' title='bbox 1410 4193 1533 4246; x_wconf 73' lang='lat' dir='ltr'><strong>Jun.</strong></span> <span class='ocrx_word' id='word_1_323' title='bbox 1555 4192 1684 4242; x_wconf 87' lang='lat' dir='ltr'><strong>Bru·</strong></span> 
     </span>
    </p>
   </div>
  </div>
 </body>
</html>
