3025 4892
464 337 635 406 1592
1416 354 1487 401 τ.
1533 352 1723 401 mvn

786 517 967 579 quam
992 495 1302 559 andaciam
1327 507 1392 558 et
1414 499 1568 558 vires
1593 496 1882 559 Romanis
1905 517 2031 558 ense
2070 497 2226 558 ultro
2261 497 2514 558 hostem·
2528 497 2677 559 m'ari

500 598 565 646 Di
568 598 648 647 od·
658 596 764 648 Ecl.
786 593 1173 656 lacessendi.
1219 594 1331 656 Sic
1344 594 1592 656 delectis
1626 595 1878 655 navibus
1910 596 2146 676 optimis
2189 593 2459 655 ducentis
2499 603 2565 655 et
2589 598 2679 656 vi·

564 679 677 715 le.

466 664 541 777 len
525 679 602 778 xm
625 729 764 779 Oro·
788 693 956 771 gilfil,
985 693 1369 774 mposiwque
1396 693 1637 771 remige,
1667 700 1732 752 et
1755 691 2068 752 fortissimo
2093 712 2330 772 quoque
2371 712 2448 751 ex
2489 691 2678 771 legio·

465 793 539 841 Po
509 793 659 859 o.¹yb1
641 797 763 846 ι..49
789 790 979 860 nibus,
1007 809 1142 849 nam
1168 799 1235 849 ut
1261 789 1336 849 ad
1362 799 1583 849 certam
1611 773 1894 870 praedam,
1936 790 2290 868 minimeque
2324 787 2559 867 longum
2575 789 2680 850 --la

463 890 536 939 Po
508 892 660 956 o.15b1
644 896 764 943 μω.
789 886 986 945 borem
1006 886 1381 968 (Drepanum
1398 886 1554 946 enim
1577 885 1846 966 Lilybaeo
1866 887 2035 946 abest
2053 886 2240 946 millia
2257 906 2532 966 passuum
2555 906 2676 946 non

788 982 1037 1063 amplius
1056 982 1418 1064 quindecim)
1446 983 1716 1043 certatim
1730 1003 1855 1043 sese
1880 983 2232 1054 offerebant,
2259 984 2418 1044 circa
2441 983 2680 1043 tertiam

469 1077 764 1142 P⁰¹yb.1.⁴9.
785 1079 1047 1157 vig-iliam
1101 1080 1332 1141 silentio
1376 1080 1576 1151 solvit,
1617 1099 1788 1140 cursu
1844 1099 1949 1161 per
1989 1089 2217 1140 noctem
2279 1099 2575 1161 prospero,
2619 1089 2686 1139 et

786 1176 980 1236 hostes
1002 1175 1264 1237 fallente.
1350 1176 1486 1236 Lux
1509 1185 1662 1247 orta,
1689 1176 1891 1256 primis
1904 1178 2037 1255 jam
2063 1177 2310 1236 navibus
2327 1196 2366 1236 a
2395 1176 2684 1256 Drepnno

786 1270 946 1332 baud
984 1275 1186 1354 procul
1210 1275 1558 1356 conspectis,
1587 1273 1666 1334 ad
1691 1273 2038 1335 miraculum
2072 1274 2324 1335 insolitae
2353 1274 2434 1333 mei
2457 1274 2690 1333 excivit

788 1366 1198 1432 Adherbalem
1224 1393 1238 1432 ε
1283 1392 1469 1452 neque
1495 1370 1765 1431 dubitare
1788 1380 2037 1452 poterat,
2055 1371 2197 1451 quin
2225 1370 2406 1430 hostis
2428 1368 2685 1429 adcoeet.

792 1462 1063 1526 Duarum
1090 1488 1279 1528 rerum
1303 1475 1434 1527 erat
1455 1468 1754 1548 proposita
1776 1468 1964 1548 optio,
1981 1477 2050 1528 ut
2072 1476 2176 1527 aut
2198 1465 2506 1527 confestim
2531 1487 2686 1547 prm-

790 1564 872 1625 lio
895 1563 1364 1644 congrederetur,
1392 1573 1497 1624 aut
1515 1563 1680 1623 aditu
1705 1565 1858 1624 hosti
1882 1584 2159 1625 concesso
2174 1563 2332 1642 cingi
2357 1584 2420 1623 se
2443 1563 2688 1624 obside-

789 1661 956 1743 rique
981 1662 1226 1721 sineret:
1269 1660 1431 1741 quod
1457 1669 1834 1742 postremum,
1860 1681 1995 1722 cum
2028 1659 2190 1721 haud
2214 1659 2405 1720 minus
2445 1659 2689 1742 flagitii,

788 1778 966 1839 quam
993 1757 1273 1817 molestiae
1303 1757 1768 1838 discriminisque
1811 1757 2050 1838 plenum
2091 1756 2405 1826 videretur,
2444 1776 2692 1817 aversa-

790 1862 905 1926 tuS,
951 1856 1139 1914 socios
1183 1853 1425 1914 navales
1449 1856 1646 1915 subito
1685 1856 1745 1916 in
1785 1854 1979 1915 littore
2012 1854 2243 1933 coegit:
2295 1854 2696 1913 mercenarios

708 1977 717 1986 ·
790 1959 986 2010 autem
1010 1951 1227 2011 milites
1244 1963 1390 2012 voce
1417 1954 1700 2033 praeconis
1718 1954 1778 2013 in
1802 1953 2146 2013 concionem
2173 1949 2494 2010 advocatos
2517 1951 2694 2010 brevi

786 2047 891 2107 sed
918 2046 1146 2108 efficaci
1181 2050 1448 2109 oratione
1488 2049 1734 2120 monuit,
1780 2057 2006 2129 quanta
2047 2068 2182 2129 spes
2221 2055 2375 2107 esset
2415 2045 2698 2127 pralium

788 2152 1015 2223 promte
1064 2146 1539 2225 capementibusg
1593 2155 1868 2226 quantus,
1909 2147 1960 2205 si
2001 2144 2149 2205 illud
2196 2142 2566 2221 refugissent,
2611 2165 2697 2205 ex

781 2240 1085 2301 obsidione
1112 2247 1318 2303 metus.
1382 2241 1686 2303 Alam-iter
1707 2241 2202 2303 succlamantibus
2224 2240 2517 2312 omnibus,
2548 2241 2699 2302 Ad-

781 2336 985 2396 herbal
1047 2336 1419 2400 collaudatos
1468 2359 1649 2399 naves
1685 2340 1809 2399 sine
1851 2358 2016 2399 mora
2053 2335 2443 2398 conscendere
2481 2339 2700 2416 jubet,

781 2435 1234 2515 praetoriamque
1272 2436 1413 2513 (bac
1447 2437 1574 2518 ipse
1607 2435 1954 2514 vehebatur)
1989 2433 2179 2496 oculis
2212 2443 2277 2494 et
2311 2434 2559 2514 remig-io
2599 2456 2702 2496 se·

781 2548 904 2608 qui.

864 2633 963 2687 19.
1010 2624 1175 2688 Haec
1204 2629 1303 2688 ubi
1328 2638 1626 2710 praecepta
1651 2629 1846 2700 dedit,
1891 2628 2110 2711 primus
2134 2629 2257 2710 ipse
2298 2627 2484 2688 altum
2514 2629 2701 2709 petit,

781 2722 891 2781 sub
917 2724 1074 2804 ipsas
1098 2727 1292 2805 portui
1319 2725 1726 2808 impendentes
1748 2735 1944 2808 petras
1983 2745 2268 2804 egressus,
2304 2745 2438 2784 cum
2471 2726 2702 2787 eodem

781 2827 1043 2899 tempore
1070 2841 1150 2881 ex
1191 2821 1437 2883 adverso
1478 2822 1663 2884 latere
1689 2823 1986 2884 Romanae
2024 2842 2204 2882 naves
2244 2830 2474 2902 portum
2504 2822 2703 2883 intra-

782 2924 929 2973 rent.
1014 2916 1096 2975 P.
1129 2916 1400 2990 Clodius,
1433 2937 1551 2979 non
1594 2921 1682 2981 uti
1722 2928 2057 3001 speraverat
2091 2919 2294 2979 territo
2338 2918 2506 2978 hoste
2537 2939 2704 2999 prae÷

782 3006 1047 3089 liumque
1070 3011 1459 3085 detrectante,
1482 3016 1588 3076 sed
1614 3016 1694 3077 ad
1717 3016 2128 3078 defensionem·
2157 3016 2248 3075 sui
2283 3023 2516 3074 strenue
2544 3035 2704 3077 con-

780 3124 971 3176 verso,
1016 3109 1389 3186 perturbatus
1430 3113 1580 3194 ipse,
1625 3134 1808 3175 naves
1849 3134 1984 3173 suas
2023 3131 2265 3193 propere
2316 3120 2591 3184 revocat,
2641 3115 2708 3173 in

782 3210 986 3282 aperto
1025 3204 1171 3264 mari
1216 3215 1541 3268 structurus
1565 3212 1774 3270 aciem.
1859 3209 1982 3277 Sed
2009 3209 2128 3270 illae
2170 3207 2339 3268 nullo
2362 3207 2603 3280 ordine,
2637 3222 2710 3271 nt

780 3317 1148 3381 unaquaeque
1176 3315 1578 3382 procurreret,
1621 3306 1756 3367 aliae
1791 3307 1946 3366 intra
1969 3315 2202 3387 portum
2234 3308 2369 3385 jam
2413 3316 2709 3385 penetu-

779 3405 1008 3468 vernnt,
1055 3397 1188 3458 aliae
1229 3402 1516 3481 petebant
1541 3403 1788 3475 edimm,
1834 3402 2107 3483 quaedam
2154 3402 2212 3461 in
2254 3401 2394 3482 ipsis
2416 3399 2712 3463 faucibus

779 3492 1194 3554 versabantur:
1238 3496 1376 3557 inde
1400 3496 1624 3559 facwm
1650 3509 1739 3570 ut,
1759 3499 1901 3558 dum
1925 3519 2142 3577 magno
2165 3497 2292 3557 nisu·
2319 3498 2712 3560 retrocedere

780 3605 981 3646 omnes
1004 3589 1276 3663 tendunt,
1299 3593 1436 3654 aliae
1463 3597 1525 3655 in
1553 3595 1704 3656 alias
1730 3597 2085 3656 incurrentes
2109 3594 2413 3654 turbarent
2455 3606 2709 3668 mutuo,

781 3702 1085 3764 remosque
1112 3687 1360 3749 invicem
1397 3691 1803 3772 detergerentt
1846 3692 2058 3764 donec,
2086 3701 2153 3752 ut
2177 3699 2519 3772 potuerunt,
2547 3712 2711 3754 6Ὑο-

780 3777 922 3839 lutae
949 3791 1237 3864 portuque
1260 3806 1528 3866 egreaeae,
1564 3789 1842 3870 quoniam
1867 3790 2121 3871 spatium
2147 3787 2427 3867 temporis
2455 3787 2714 3850 nullum

779 3888 1099 3955 supererat,
1127 3884 1405 3944 continuo
1448 3888 1635 3964 juxta
1681 3886 1846 3947 littus
1884 3888 2072 3968 ipsum
2121 3887 2178 3945 in
2221 3884 2491 3945 ordinem
2538 3888 2714 3948 aciei

783 3972 1035 4033 astitere.
1122 3975 1261 4057 Ipse
1286 3981 1518 4052 consul,
1541 3983 1642 4063 qui
1664 3984 1823 4064 prius
1846 4003 2057 4063 agmen
2077 3988 2372 4060 coegerat,
2401 3991 2531 4040 tum
2549 3991 2713 4068 con-7

783 4086 948 4126 verso
971 4089 1141 4132 cursu
1164 4085 1299 4135 ante
1321 4097 1522 4138 omnes
1540 4088 1777 4140 evectus
1799 4080 2031 4140 sinistro
2056 4078 2260 4139 classis
2284 4097 2405 4137 suae
2433 4076 2624 4139 lateri
2644 4103 2716 4142 se

783 4162 1089 4242 applicuit.
