3025 4892
860 409 1073 457 ιιιιιιι
1128 408 1277 457 xu.
1327 408 1978 457 surrnnmsn‘rum.
2391 386 2563 454 1423

331 556 596 627 accensi,
635 555 872 626 ferrum,
908 555 1067 635 quod
1112 555 1330 616 frustra
1363 557 1423 614 in
1458 555 1656 615 hostes
1695 556 2078 628 strinxerant,
2121 558 2242 617 suis

329 654 676 735 corporibus
691 653 1096 715 admoverunt.
1144 653 1244 713 Ita
1259 652 1723 714 florentissimam
1739 653 1919 714 modo
1937 655 2238 718 nationem

331 752 414 810 ob
458 750 654 810 scelus
693 749 1129 811 interfectorum
1157 749 1483 830 legatorum
1515 760 1638 811 tam
1662 750 1843 811 velox
1870 754 2110 831 tam'que
2137 772 2234 812 ve·

332 848 582 907 hemena
604 848 752 907 ultio
778 847 1245 928 comprehendit,
1262 857 1349 917 ut,
1369 847 1600 928 aliquot
1625 849 1911 908 mensium
1928 847 2242 908 intervallo

336 945 577 1023 penitus
609 945 836 1014 excisa,
863 944 1014 1003 inter
1054 953 1278 1022 gentes,
1311 964 1557 1025 quarum
1583 947 1728 1025 jura
1755 946 2106 1017 violaverat,
2135 965 2239 1005 nu-

337 1041 553 1100 merari
588 1040 846 1100 desierit.
933 1039 1101 1100 Nam
1141 1049 1206 1100 et
1235 1060 1434 1122 parvae
1464 1041 1764 1102 Senonum
1791 1043 2078 1123 reliquiae‚
2107 1063 2240 1124 quae

335 1138 420 1197 ad
467 1137 675 1207 Boios,
718 1138 974 1197 vicinam
1015 1146 1079 1197 et
1109 1139 1604 1216 consanguineam
1630 1148 1887 1217 gentem,
1914 1160 1976 1200 se
2003 1160 2242 1221 recepe-

338 1243 500 1304 rant,
527 1235 738 1295 eodem
766 1255 920 1295 anno
941 1255 978 1294 a
997 1234 1324 1294 Dolabella
1339 1235 1583 1295 consule
1610 1236 2004 1297 internecione
2029 1236 2244 1296 deletae
2269 1233 2396 1283 Flor.
2419 1248 2459 1282 ¹·
2482 1236 2561 1282 ¹⁸·

338 1341 496 1391 sunt.
571 1331 727 1391 Cum
752 1332 905 1392 enim
933 1330 1243 1392 atrocitate
1285 1332 1547 1393 cladium
1572 1352 1828 1404 suarum,
1873 1342 1937 1393 et
1979 1333 2243 1413 ejusdem

338 1429 700 1490 calamitatis
738 1437 920 1499 metu,
961 1428 1144 1488 Boios
1180 1428 1580 1510 Etruscosque
1605 1430 2014 1501 concivissent,
2044 1430 2122 1489 ad
2157 1430 2243 1489 la·
2304 1430 2483 1495 Polyb.
2506 1445 2567 1479 ¹1·

337 1546 502 1596 cum,
529 1526 633 1606 qui
658 1525 1015 1585 Vadimonis
1040 1526 1396 1606 appellatur,
1424 1544 1626 1607 pugna
1642 1528 1975 1599 commissa,
2003 1546 2248 1606 magnus
2271 1501 2354 1546 ²⁰⁶

344 1621 727 1682 Etruseorum
758 1643 1030 1682 numerus
1061 1642 1250 1683 caesus
1280 1631 1390 1695 est,
1422 1624 1561 1684 Boii
1590 1625 1868 1705 perpauci
1893 1624 2248 1702 effugerunt,

342 1720 646 1779 Senonum
672 1740 845 1780 omne
870 1740 1083 1779 nomen
1109 1721 1194 1779 ita
1219 1720 1409 1801 periit,
1437 1730 1506 1781 ut
1549 1741 1722 1781 nemo
1747 1741 2045 1802 superesse
2073 1731 2243 1802 puta-
2270 1728 2400 1777 Flor.

346 1824 505 1874 retur
529 1836 609 1876 ex
653 1835 728 1877 ea
772 1825 968 1895 gente,
997 1836 1129 1896 quae
1168 1816 1431 1877 Romam
1455 1818 1660 1878 urbem
1687 1817 2048 1878 incenderat.
2118 1816 2248 1878 Sub
2305 1823 2474 1890 Polyb.
2510 1838 2571 1873 ιι.

345 1912 408 1971 id
456 1921 690 1995 tempus
738 1912 960 1973 Senam
1000 1912 1297 1974 coloniam
1329 1913 1646 1975 deductam
1679 1935 1804 1974 esse
1835 1934 1976 1974 vero
2011 1915 2247 1996 propius
2274 1894 2353 1940 ¹⁹

346 2009 616 2081 videtum
669 2031 811 2091 quo,
855 2009 1148 2071 Romanis
1192 2013 1465 2071 universa
1489 2012 1723 2090 regione
1767 2012 1989 2092 potitis,
2035 2031 2246 2072 nomen
2319 2019 2446 2068 Plin.
2485 2035 2572 2069 ιιι.

349 2104 698 2166 Senonum'
682 2128 742 2167 ιιι
768 2128 842 2167 ea
860 2117 1027 2188 parte
1055 2107 1253 2168 Italiae
1277 2107 1540 2168 funditus
1567 2109 1802 2169 interiit.
2276 2091 2353 2134 ¹⁵

428 2210 487 2264 5.
534 2202 769 2264 Etrusci
802 2212 1004 2264 tamen
1032 2204 1310 2285 Boiique‚
1338 2214 1621 2284 sequente
1656 2206 1855 2266 statim
1883 2215 2088 2275 anno?
2111 2225 2246 2265 cum
2304 2215 2373 2262 Po
2378 2214 2473 2280 lyb.
2514 2230 2577 2262 n.

345 2320 427 2359 ex
454 2300 546 2371 iis,
579 2301 685 2381 qui
698 2302 948 2382 puberes
974 2302 1197 2362 interea
1210 2301 1355 2363 facti
1381 2301 1637 2375 fuerant,
1664 2303 1986 2363 exercitum
2012 2302 2248 2383 supple·
2272 2285 2354 2331 ²⁰·

345 2397 590 2468 visitent,
630 2399 840 2458 iterum
872 2398 1169 2459 fortunam
1206 2418 1417 2479 pugnae
1451 2408 1680 2460 tentare
1707 2408 1843 2459 sunt
1868 2401 2013 2459 ausi.
2097 2399 2250 2457 Tum

345 2495 525 2573 igitur
549 2515 588 2555 a
615 2495 698 2562 Q.
730 2496 974 2557 AEmilio
1001 2496 1181 2577 Papo
1206 2498 1393 2557 victos
1418 2496 1597 2556 fuisse
1625 2496 1998 2557 crediderim.
2047 2495 2254 2574 Hujus

345 2592 507 2650 enim
535 2601 599 2652 et
624 2592 702 2653 C.
732 2593 989 2652 Fabricii
1015 2594 1355 2653 consulatus
1379 2594 1597 2673 primus
1618 2613 1751 2653 eum
1780 2594 1837 2651 in
1865 2612 2081 2653 annum
2110 2591 2251 2651 inci·
2274 2587 2477 2701 D¹⁰¹¹5⁸·
2497 2603 2579 2651 δι’·

345 2688 458 2758 dit,
476 2688 780 2770 Papoque
798 2691 1157 2771 provinciam
1181 2690 1476 2749 Etruriam
1502 2690 1809 2749 obvenisse
1833 2698 2086 2749 constat.
2132 2687 2253 2747 Sed
2279 2652 2415 2703 Μὴ
2425 2652 2582 2701 ursin.

348 2787 409 2844 in
436 2785 737 2866 plerisque
768 2786 1102 2857 annalibus,
1129 2789 1231 2867 qui
1259 2788 1451 2847 adhuc
1480 2788 1773 2865 leguntur,
1801 2806 1992 2847 rerum
2020 2787 2257 2845 istarum

346 2884 637 2943 memoria
676 2886 965 2963 majorum
1006 2884 1333 2944 interventu
1366 2880 1683 2944 obliterata
1711 2894 1817 2944 est.
1890 2883 2074 2950 Quod
2101 2883 2258 2943 enim

347 2987 440 3039 tot
489 2981 785 3039 coutinuis
837 2980 1009 3040 bellis
1060 2989 1237 3060 atque
1291 2982 1551 3041 victoriis
1604 2982 1867 3042 maxima
1914 2981 2146 3041 virtutis
2197 2989 2260 3040 et

352 3077 635 3156 potentiae
674 3078 1035 3137 incrementa
1066 3077 1380 3137 Romanus
1405 3078 1656 3158 populus
1678 3077 1939 3159 quotidie
1975 3086 2252 3158 caperet;

351 3172 631 3233 adductae
660 3175 720 3232 in
753 3184 997 3247 metum,
1025 3194 1160 3255 quae
1188 3173 1380 3234 adhuc
1406 3195 1511 3256 per
1538 3174 1782 3235 Italiam
1809 3176 1894 3234 sui
1912 3175 2066 3253 juris
2089 3184 2259 3233 erant

351 3269 626 3330 civitates
650 3283 993 3352 gentesque,
1015 3272 1338 3332 maximum
1357 3281 1536 3351 atque
1558 3271 2100 3352 periculosissimum
2116 3289 2255 3330 con-

354 3363 573 3426 flavere
618 3368 879 3429 bellum:
925 3369 1174 3449 junctis,
1201 3378 1486 3448 tanquam
1525 3369 1602 3427 ad
1633 3384 1970 3428 communes
2000 3368 2255 3426 omnium

355 3462 557 3522 hostes
624 3466 1044 3546 praedouesque
1110 3464 1546 3546 opprimendos,
1608 3465 1863 3525 consiliis
1914 3475 1976 3524 et
2017 3464 2255 3525 viribus.

357 3558 583 3639 Neque
633 3561 859 3622 differri
909 3583 1074 3623 arma
1110 3564 1301 3622 visum
1342 3571 1453 3633 est,
1496 3563 1688 3622 donec
1730 3562 1926 3622 adhuc
1976 3561 2257 3620 Boiorum

358 3654 858 3738 Etruscorumque
909 3660 1174 3739 reliquiar
1217 3659 1566 3718 distinendis
1621 3658 2026 3719 Romanorum
2076 3658 2261 3737 copiis

354 3753 705 3815 sufficerent.

436 3859 498 3911 6.
544 3852 739 3912 Primi
761 3852 1076 3924 Samnites,
1093 3854 1283 3916 fracto
1315 3872 1533 3912 rursum
1574 3851 1812 3921 findere,
1841 3872 1975 3910 cum
2007 3851 2261 3911 Lucanis
2317 3844 2422 3892 Liv.
2451 3843 2584 3908 Epit.

364 3950 731 4028 Bruttiisque
765 3951 967 4030 palam
1007 3950 1299 4011 sociantes
1338 3950 1607 4020 consilia,
1644 3959 2048 4030 proruperunt.
2135 3946 2257 4006 Sed
2284 3924 2413 4039 ’ἔξω
2450 4007 2472 4038 ⁸

360 4050 468 4107 hos
509 4046 587 4107 C.
629 4046 937 4106 Fabricius
976 4048 1177 4107 consul
1211 4047 1608 4126 compluribus
1644 4045 1864 4125 praeliis
1900 4046 2078 4105 vicit:
2142 4066 2260 4104 uno
2417 4007 2446 4056 y
2475 4022 2489 4038 ⁸

500 4266 532 4300 P
568 4256 634 4306 A.
658 4256 726 4307 U.
749 4256 810 4307 C.
832 4260 946 4308 47⁰.
986 4256 1050 4307 A·
1067 4257 1126 4307 C.
1142 4260 1260 4309 282.
1295 4258 1361 4310 Q.
1386 4256 1609 4323 AEtnilio‚
1633 4258 1694 4307 C.
1721 4256 1960 4307 Fabricio
1983 4256 2130 4307 Coss.
