3025 4892
838 401 1044 450 minu
1098 400 1276 449 xm.
1323 394 1970 450 suprtssmssn'rum.
2371 381 2542 450 1447

306 561 546 631 tuteque
582 571 693 622 res,
735 553 889 618 sient
923 559 1221 632 eoeperunt
1251 551 1356 619 ire,
1400 557 1679 630 pergant:
1722 549 1826 610 sed
1869 559 2065 611 tamen
2108 550 2213 609 ho·

307 651 501 707 mines
545 669 774 709 sumus:
816 658 899 720 et,
950 651 999 709 si
1044 648 1283 708 fortuna
1329 647 1591 716 verterit,
1636 665 1824 726 neque
1874 654 1996 706 tam
2038 646 2215 706 facile

306 736 484 824 ⁸porro
511 748 809 824 negotium
847 747 960 806 erit
995 746 1179 826 pecie,
1214 763 1404 824 neque
1447 744 1576 825 pari
1600 762 1736 803 oum
1761 743 1972 805 decore
1996 753 2213 806 tracta—

308 843 512 905 bitur!

391 946 492 1002 17.
540 938 616 999 In
643 941 796 1000 haue
821 940 1174 1001 senteutiam
1201 938 1415 999 locutis
1454 957 1690 1019 quoque
1730 938 1959 1009 eeteriS,
2002 948 2064 998 et
2092 940 2213 1020 ipse

306 1055 411 1096 rex
458 1056 748 1108 assensuS,
801 1040 1002 1098 vocari
1045 1037 1274 1117 legatos
1324 1035 1636 1097 Romanos
1663 1037 1859 1116 jubet.
1944 1036 2070 1103 Qui
2112 1037 2214 1096 ubi

303 1142 612 1205 venerunt,
655 1135 813 1195 hune
857 1136 915 1193 in
963 1134 1202 1194 modum
1221 1134 1428 1212 ‚egime
1467 1133 1689 1192 fertur:
1735 1141 1753 1168 ‘
1785 1130 1915 1192 Res
1939 1132 2213 1213 equidem
2241 1141 2450 1208 Dionys.

305 1231 553 1310 indigna
576 1240 686 1303 est,
730 1252 909 1312 quam
948 1232 1165 1303 facitis,
1211 1230 1495 1291 Romani.
1580 1229 1736 1290 Cum
1758 1230 1915 1289 enim
1940 1231 2214 1291 amicitiae

305 1348 539 1388 mecum
582 1327 854 1389 ineuudae
893 1330 1179 1389 rationem
1224 1327 1447 1388 nullam
1491 1328 1781 1397 babeatis,
1824 1325 1985 1387 bello
2010 1337 2216 1409 eaptos

309 1427 610 1505 repetitis;
655 1426 758 1485 ubi
800 1425 1133 1496 reddidero,
1178 1425 1383 1486 iisdem
1424 1424 1543 1485 illis
1582 1425 1857 1486 adversus
1897 1445 1991 1485 me
2035 1427 2211 1485 usuri.

307 1521 496 1588 Quod
533 1523 583 1581 si
627 1523 824 1600 igitur,
857 1523 1148 1583 revocatis
1170 1521 1248 1582 ad
1273 1522 1522 1583 meliora
1544 1531 1606 1582 et
1631 1523 1887 1601 utrisque
1914 1521 2216 1602 profutura

307 1619 624 1690 mentibus,
666 1617 856 1679 foedus
894 1628 1072 1699 atque
1113 1620 1458 1680 societatem
1480 1639 1710 1680 meeum
1736 1619 2057 1690 instituitis,
2086 1640 2213 1681 ves-

306 1724 426 1774 tros
468 1726 533 1776 et
572 1716 733 1776 civae
771 1717 1088 1786 universos»,
1136 1725 1198 1776 et
1236 1717 1427 1776 socios
1469 1736 1621 1797 quos
1660 1717 1816 1797 cepi,
1859 1717 1983 1776 sine
2024 1719 2212 1798 pretio

307 1813 574 1893 recipite.
662 1811 769 1871 Sin
815 1833 954 1874 vero
999 1813 1168 1874 vobis
1208 1813 1450 1874 hostiles
1496 1814 1677 1873 animi
1719 1822 1978 1885 manent,
2021 1834 2211 1894 neque

306 1929 417 1988 ego
444 1930 553 1990 pro
578 1929 722 1969 sano
746 1930 840 1970 me
864 1909 1157 1971 facturum
1190 1909 1459 1981 arbitror,
1503 1911 1553 1968 si
1593 1909 1735 1970 odia
1759 1919 1954 1970 vestra
1979 1919 2070 1972 tot
2091 1911 2210 1971 for·
2319 1903 2326 1908 ’

303 2007 451 2065 tium
491 2006 746 2066 virorum
786 2007 1053 2067 manibus
1091 2008 1406 2074 instruam:
1452 2026 1643 2085 neque
1683 2027 1824 2068 vero
1865 2015 2033 2068 tauta
2068 2010 2210 2068 mihi
2235 2013 2537 2078 Appiuap.

305 2103 387 2161 rei
410 2103 752 2163 nummariae
787 2102 1101 2164 difficultas
1129 2113 1240 2175 est,
1285 2112 1350 2163 ut
1380 2104 1646 2184 pecuniis
1687 2103 2095 2165 Romanorum
2120 2107 2209 2165 in·
2235 2079 2537 2131 Fulv.Ursin.

305 2197 567 2278 digeam,
594 2219 743 2278 quoe
766 2199 1018 2260 decebat
1042 2201 1256 2282 potine,
1284 2201 1334 2260 si
1356 2201 1533 2262 amici
1558 2221 1833 2272 oesemm,
1857 2200 2211 2263 liberalitate

303 2315 438 2355 mea
488 2295 875 2378 locupletari?
976 2296 1165 2358 Simul
1221 2316 1336 2357 nou
1387 2298 1700 2377 spernendi
1753 2299 1925 2378 pretii
1974 2319 2213 2360 munera
2233 2309 2402 2361 zonat.

307 2391 522 2471 legatis
542 2392 671 2453 dari
687 2393 885 2473 jussit,
915 2393 1084 2475 plura
1121 2414 1184 2454 ee
1217 2404 1280 2454 et
1316 2393 1563 2454 meliora
1593 2394 1742 2454 alias
1774 2393 2049 2455 daturum
2074 2417 2207 2478 pro-

302 2488 508 2550 feoeus..
596 2488 758 2550 Haec
801 2491 859 2551 in
901 2510 1209 2552 commune
1261 2491 1474 2570 legatis
1517 2491 1788 2550 omnibus
1828 2492 2209 2572 prmentibus

303 2585 469 2647 dicta
493 2595 769 2666 actaque.
2232 2594 2439 2661 DionyS.

382 2690 488 2743 18.
530 2681 814 2743 Ceterum
847 2703 982 2744 eum
1021 2683 1148 2744 eolo
1185 2683 1404 2744 deinde
1449 2682 1526 2742 C.
1558 2681 1833 2744 Fabricio
1876 2681 2109 2762 longior
2149 2693 2212 2744 et

307 2780 637 2839 accuratior
677 2799 865 2840 sermo
911 2780 1059 2840 fuit:
1104 2801 1294 2863 neque
1345 2780 1558 2840 referre
1611 2781 1792 2860 piget,
1848 2780 2007 2860 quod
2052 2781 2209 2861 apud

305 2875 551 2936 idoneos
578 2886 846 2937 auctores
872 2879 1078 2958 reperi.
1163 2877 1319 2937 Cum
1346 2878 1546 2956 itaque
1569 2876 1807 2936 remotis
1829 2877 2063 2936 arbitris
2085 2877 2210 2937 col-
2234 2885 2401 2935 Zonar.

305 2972 705 3052 loquerentur,
733 2975 881 3034 iuter
894 2983 1090 3034 eetera
1115 2994 1310 3052 regem
1336 2975 1422 3034 ita
1444 2974 1665 3033 dixisse
1685 2981 1888 3053 postea
1909 2973 2211 3052 vulgatum

305 3079 428 3128 eet:
474 3079 491 3105 ⁶
526 3069 665 3148 Ego
687 3090 827 3130 vero
851 3090 988 3130 eum
1029 3079 1255 3130 eeteros
1295 3069 1609 3131 Romanos
1633 3090 1834 3130 omues
1859 3058 2081 3130 amicos
2104 3071 2210 3130 ha·

305 3165 442 3226 bere
481 3176 724 3248 expeto,
767 3177 892 3227 tum
932 3168 1248 3247 praeeertim
1291 3176 1372 3238 te,
1418 3167 1497 3229 C.
1531 3166 1800 3269 .F⁸b.{i⁰i’
1842 3188 2019 3249 quem
2064 3169 2214 3228 inter
2237 3176 2443 3242 Dionys.

305 3328 515 3442 '⁰3:20
544 3326 660 3388 tibi.
685 3328 875 3391 lector,
909 3326 1099 3392 Pyrrhi
1124 3326 1455 3394 Fabriciique
1490 3327 1742 3394 Imagines
1768 3341 1835 3378 ex
1868 3328 2086 3379 nummi·
2122 3328 2211 3380 de·
