3025 4892
574 390 746 457 1848
1512 404 1581 453 φ.
1630 403 1819 452 mvn

575 554 850 617 liberius
909 551 1328 637 aquabantur
1386 547 1703 626 Romani,
1761 549 1916 634 quia
1978 549 2128 633 ripa
2183 546 2459 613 ulterior
2514 545 2737 610 nullum

568 655 859 721 habebat
885 654 1174 720 hostium
1206 652 1612 735 praesidium.
1702 651 2049 717 Hannibal
2078 671 2274 737 spem
2305 660 2567 726 nactus,
2596 648 2741 713 locis

570 758 752 823 natis
800 756 888 823 ad
935 763 1310 841 equestrem
1365 752 1704 841 pugnam,¹’
1753 774 1893 838 qua
1938 763 2138 838 parte
2191 755 2432 820 virium
2480 753 2740 819 invictus

572 866 740 938 erat,
787 859 1088 925 facturos
1142 860 1410 944 copiam
1456 858 1806 942 pugnandi
1855 859 2251 937 consules,¹⁷
2282 857 2507 939 dirigit
2537 855 2742 930 aciem,

568 962 974 1046 lacessitque
1005 960 1442 1027 Numidarum
1467 960 1977 1045 procursatione
2004 960 2254 1027 hostes.
2342 959 2516 1025 Inde
2546 977 2743 1023 rursus

572 1064 899 1130 solicitari
929 1063 1255 1130 seditione
1285 1064 1561 1130 militari
1593 1084 1674 1131 ac
1705 1064 2047 1130 discordia
2077 1063 2427 1130 consulum
2462 1062 2744 1128 Romana

570 1175 831 1236 castra:
874 1189 1026 1236 cum
1076 1167 1358 1234 Paullus
1407 1168 1921 1253 Semproniique
1950 1174 2019 1233 et
2050 1167 2361 1234 Flaminii
2382 1174 2409 1207 ⁶
2438 1167 2744 1232 temerita-

485 1266 490 1269 ’
570 1280 700 1338 tem
729 1270 1039 1351 Varroni,
1069 1270 1294 1338 Varro
1324 1274 1710 1357 speciosum
1746 1272 1998 1337 timidis
2029 1294 2111 1338 ac
2142 1272 2464 1356 segnibus
2488 1271 2745 1336 ducibus

569 1376 949 1460 exemplum
986 1374 1274 1440 Fabium
1302 1374 1351 1414 ¹⁸
1382 1375 1788 1460 objiceret3‘
1815 1383 2303 1462 testareturque
2336 1377 2529 1441 Deos
2558 1373 2747 1439 homi·

568 1499 825 1564 nesque
854 1479 985 1556 hic,
1031 1483 1054 1514 ‘
1081 1478 1328 1545 nullam
1361 1497 1575 1563 penes
1608 1499 1683 1545 se
1711 1479 1975 1563 culpam
2006 1498 2177 1556 esse,
2209 1479 2393 1566 quod
2422 1476 2745 1543 Hannibal

559 1581 707 1666 jam
741 1583 921 1647 velut
956 1584 1150 1648 usu¹⁹
1173 1581 1469 1667 cepisset
1495 1582 1762 1649 Italiam
1781 1603 1800 1663 3
1818 1580 1847 1619 ‘¹
1877 1603 1952 1647 se
1980 1584 2412 1648 constrictum
2448 1601 2493 1647 a
2513 1581 2748 1663 collega

568 1685 815 1767 teneri3
861 1685 1104 1751 serrum
1151 1692 1353 1770 atque
1404 1705 1590 1751 arma
1639 1687 1828 1752 iratis
1875 1691 1945 1751 et
1994 1704 2293 1770 pugnare
2344 1684 2748 1770 cupientibus

569 1787 777 1855 adimi
809 1788 1135 1854 militibus
1154 1809 1174 1870 3
1194 1786 1212 1814 '
1258 1789 1394 1868 ille,
1448 1795 1468 1825 ‘
1501 1790 1563 1854 si
1594 1789 1754 1875 quid
1785 1790 2097 1875 projectis
2129 1808 2213 1874 ac
2244 1788 2526 1872 proditis
2556 1785 2639 1850 ad
2667 1787 2747 1849 in·

570 1892 950 1957 consultam
983 1897 1182 1975 atque
1209 1891 1656 1976 improvidam
1694 1910 1983 1975 pugnam
2010 1890 2383 1973 legionibus
2415 1887 2750 1960 accideret,

571 2015 647 2060 se
676 1996 900 2060 omnis
930 1994 1150 2081 culpae
1180 2000 1536 2075 exsortem,
1554 1995 1768 2060 omnis
1792 2000 2075 2061 eventus
2094 2000 2151 2033 ²⁰
2177 1994 2570 2079 participem
2599 1988 2751 2056 t'ore'

570 2097 841 2164 diceret.
931 2104 954 2136 ‘
988 2098 1296 2177 Videret,
1326 2105 1421 2176 ut,
1453 2097 1700 2183 quibus
1728 2097 1954 2181 lingua
1984 2105 2122 2164 tam
2153 2102 2416 2183 promta
2444 2115 2527 2162 ac
2558 2103 2749 2159 teme·

567 2202 763 2281 raria,
792 2221 985 2288 aeque
1011 2202 1081 2268 in
1111 2221 1339 2287 pugna
1357 2210 1377 2241 ¹
1409 2203 1704 2285 vigerent
1736 2202 2054 2270 manus.’‘

1484 2629 1605 2651 ”OC
1611 2630 1849 2653 ‘Cum‘

569 2765 630 2811 17
666 2760 806 2811 Olim
831 2761 1128 2827 legebatur,
1150 2765 1241 2814 loci
1259 2766 1322 2814 ed
1344 2770 1607 2830 equestrem
1624 2781 1834 2830 paganus
1858 2799 1872 2815 .
1890 2800 1904 2816 .
1924 2800 1937 2816 .
1957 2765 2184 2829 facturas
2200 2766 2385 2829 copisa
2401 2762 2631 2828 madi
2646 2775 2750 2808 esa·

564 2826 891 2877 saliba—18
926 2828 1068 2878 Fabii
1105 2829 1242 2880 Edd.
1266 2839 1385 2880 aute
1422 2830 1793 2881 ermion-lo
1826 2832 1977 2882 Sam
2001 2845 2094 2895 pro
2121 2845 2208 2881 asa
2239 2829 2372 2881 Edd.
2395 2839 2515 2879 ante
2536 2827 2745 2877 Gronov.

564 2895 696 2942 -20
730 2892 817 2943 Al.
839 2893 991 2943 onais
1009 2899 1167 2945 tumea
1187 2899 1490 2948 euentu—l
1528 2895 1687 2952 Olim,
1707 2912 1765 2946 ac
1786 2898 2039 2948 temam-2·-
2058 2903 2198 2958 εοεαε,
2218 2911 2351 2960 eque
2370 2896 2423 2945 iu
2443 2907 2651 2959 pugnas.

624 3150 650 3184 ¹²
683 3150 976 3203 mennatis
1009 3156 1072 3205 ad
1105 3162 1363 3220 equestrem
1395 3160 1629 3225 mm]
1706 3175 1771 3212 ac
1793 3160 2036 3211 diuturna
2056 3157 2387 3225 possessione
2420 3156 2746 3223 acquisiisset,

561 3227 746 3278 Planis
764 3229 999 3293 scilicet3
1034 3232 1148 3283 haec
1171 3234 1308 3285 enim
1334 3237 1539 3300 spinosa
1562 3237 1628 3287 ad
1709 3252 1953 3303 suamque
1986 3236 2217 3288 fecisset.
2286 3236 2405 3286 Nec
2443 3242 2527 3285 est
2556 3242 2741 3284 necem

564 3319 812 3371 equorum
833 3320 1105 3358 excursus.
1706 3317 1783 3366 vel
1800 3313 1986 3366 mutari
2002 3316 2051 3364 in
2066 3314 2197 3365 uehat
2210 3330 2233 3372 ‚-
2266 3326 2454 3362 revera
2469 3311 2599 3361 enim
2620 3308 2743 3358 bieu-

627 3388 650 3414 0
683 3381 1041 3448 Semproniique
1061 3390 1109 3435 et
1127 3386 1385 3451 Flaminii]
1400 3387 1466 3440 T.
1483 3387 1630 3439 Sem·
1707 3393 1848 3442 nium
1864 3392 1976 3456 jam
2000 3388 2276 3443 effluxerat
2297 3403 2363 3438 ex
2386 3402 2490 3452 qno
2515 3381 2739 3436 Hannibal

561 3461 794 3522 pronius,
816 3460 883 3511 P.
906 3462 1166 3527 Scipionis
1185 3464 1411 3530 collega,
1434 3479 1531 3529 per
1552 3467 1628 3516 in·
1708 3468 1760 3517 in
1787 3467 1942 3517 ltalia
1960 3467 2196 3531 superior
2213 3473 2358 3516 erat:
2394 3463 2534 3529 quod
2564 3470 2738 3524 tempu!

558 3535 715 3585 sidias
758 3538 926 3588 victus
957 3537 1129 3590 fuerat
1163 3541 1216 3592 in
1260 3540 1433 3592 Gallia
1468 3543 1630 3593 Cisal·
1709 3545 1916 3606 exlege
1950 3541 2224 3594 duodecim
2263 3541 2555 3592 tabularum
2593 3537 2652 3587 ad
2674 3546 2739 3583 m

560 3611 708 3677 ΡῙΙΙΙ,
729 3620 788 3664 ut
805 3613 898 3664 lib.
923 3627 1045 3665 xxi.
1066 3630 1180 3682 cap.
1203 3622 1286 3668 66.
1310 3625 1365 3669 et
1390 3621 1629 3684 sequenti
1710 3621 1999 3673 immobiles
2031 3620 2413 3686 usucapiendas
2448 3615 2738 3670 sufficiebat:

558 3696 835 3740 narratura
873 3691 934 3741 C.
959 3692 1240 3743 Flaminius
1260 3694 1312 3744 in
1328 3696 1542 3745 Etruria
1562 3697 1626 3746 ad
1709 3699 1837 3749 iilud
1885 3706 2059 3751 autem
2112 3700 2187 3748 vel
2227 3698 2519 3760 sumspisset
2557 3693 2741 3748 iudicat,

557 3765 912 3818 Trasimenum
931 3767 1315 3820 circumventus
1336 3771 1403 3822 ab
1422 3772 1627 3831 eodem,
1707 3787 1807 3824 nou
1843 3781 2041 3824 tantum
2077 3781 2431 3839 peragratam,
2475 3769 2564 3822 sed
2604 3769 2739 3818 etism

566 3857 683 3905 cap.
707 3849 753 3895 θ.
776 3844 930 3908 hujus
952 3845 1086 3919 iibri.
1710 3865 1889 3900 revera
1914 3857 2218 3913 usucaptam
2240 3847 2567 3913 Italiam,qui
2589 3855 2740 3894 sensus

625 3923 650 3958 ἃ
680 3926 800 3973 Jnm
822 3927 948 3974 velut
967 3915 1056 3975 s'isu
1076 3928 1276 3991 cepisset
1294 3928 1512 3994 laam]
1538 3927 1626 3980 Sic
1710 3941 1792 3978 res
1814 3927 1878 3977 ad
1914 3925 2159 3976 invidiam
2195 3925 2550 3974 cunctantium
2574 3931 2739 3984 augen-

559 3999 771 4063 egregie
826 4001 992 4051 codex
1052 4001 1299 4066 Putaui,
1359 4003 1627 4055 Gronovio
1710 4004 1749 4054 tl
1777 4003 1994 4054 Varroni
2018 4002 2214 4067 optime
2241 4002 2501 4065 congruit.
2620 4049 2631 4062 ,

562 4083 701 4126 teste
725 4091 740 4136 ς
776 4077 957 4126 melius
982 4092 1134 4142 quam
1160 4081 1297 4146 quod
1323 4081 1480 4145 vulgo
1502 4082 1627 4145 legi·
1771 4089 1795 4116 ⁸
1833 4076 2330 4143 [xpm-atpium]
2346 4078 2563 4141 vigerent
2575 4069 2738 4132 m]

561 4161 666 4214 ¹¹¹¹,
689 4155 813 4216 quod
833 4154 1079 4205 Hannibal
1102 4157 1210 4217 jm
1230 4160 1304 4208 tel
1323 4173 1459 4208 mus
1478 4159 1625 4222 cepis·
1712 4159 1878 4209 Recte
1918 4158 1969 4208 is
2013 4170 2242 4221 pugnans,
2284 4154 2399 4205 sive
2433 4156 2499 4203 ad
2527 4161 2737 4217 pag-au:

563 4236 636 4280 set
658 4229 873 4281 Italian.
917 4232 1038 4283 Hoc
1061 4248 1186 4284 sane
1209 4236 1378 4286 minus
1399 4238 1628 4301 elegans,
1709 4236 1795 4285 alii
1821 4235 2014 4286 habent
2034 4233 2089 4283 ia
2114 4246 2300 4298 pugna,
2323 4245 2428 4284 non
2450 4232 2652 4283 multum
2671 4223 2735 4274 di·

564 4321 720 4372 quam
740 4309 1045 4373 suscepisset,
1083 4310 1222 4375 quod
1257 4320 1359 4379 est,
1396 4313 1507 4379 ipso
1533 4327 1628 4364 usn
1710 4326 1857 4365 verso
1881 4310 2197 4378 significatu.
