<?xml version="1.0" encoding="UTF-8"?>
<!DOCTYPE html PUBLIC "-//W3C//DTD XHTML 1.0 Transitional//EN"
    "http://www.w3.org/TR/xhtml1/DTD/xhtml1-transitional.dtd">
<html xmlns="http://www.w3.org/1999/xhtml" xml:lang="en" lang="en">
 <head>
  <title>
</title>
<meta http-equiv="Content-Type" content="text/html;charset=utf-8" />
  <meta name='ocr-system' content='tesseract 3.04.00' />
  <meta name='ocr-capabilities' content='ocr_page ocr_carea ocr_par ocr_line ocrx_word'/>
</head>
<body>
  <div class='ocr_page' id='page_1' title='image "./tliviipatavinih04unkngoog_0108.png"; bbox 0 0 3025 4892; ppageno 0'>
   <div class='ocr_carea' id='block_1_1' title="bbox 453 341 1732 413">
    <p class='ocr_par' dir='ltr' id='par_1_1' title="bbox 453 341 1732 413">
     <span class='ocr_line' id='line_1_1' title="bbox 453 341 1732 413; baseline -0.004 -2"><span class='ocrx_word' id='word_1_1' title='bbox 453 341 623 413; x_wconf 77' lang='lat'>1483</span> <span class='ocrx_word' id='word_1_2' title='bbox 1423 353 1493 408; x_wconf 72' lang='grc' dir='ltr'><strong>τ.</strong></span> <span class='ocrx_word' id='word_1_3' title='bbox 1540 355 1732 408; x_wconf 78' lang='lat' dir='ltr'><strong>mvn</strong></span> 
     </span>
    </p>
   </div>
   <div class='ocr_carea' id='block_1_2' title="bbox 454 495 2673 1352">
    <p class='ocr_par' dir='ltr' id='par_1_2' title="bbox 774 495 2669 682">
     <span class='ocr_line' id='line_1_2' title="bbox 774 495 2669 585; baseline -0.003 -19"><span class='ocrx_word' id='word_1_4' title='bbox 774 505 1110 583; x_wconf 83' lang='lat' dir='ltr'><strong>sionemque</strong></span> <span class='ocrx_word' id='word_1_5' title='bbox 1158 501 1374 565; x_wconf 80' lang='lat' dir='ltr'><strong>Miloni</strong></span> <span class='ocrx_word' id='word_1_6' title='bbox 1399 503 1672 585; x_wconf 69' lang='lat' dir='ltr'><strong>praebuit,</strong></span> <span class='ocrx_word' id='word_1_7' title='bbox 1714 519 1835 581; x_wconf 89' lang='lat' dir='ltr'><strong>qua</strong></span> <span class='ocrx_word' id='word_1_8' title='bbox 1860 517 1973 562; x_wconf 86' lang='lat' dir='ltr'><strong>non</strong></span> <span class='ocrx_word' id='word_1_9' title='bbox 2002 518 2109 560; x_wconf 83' lang='lat' dir='ltr'><strong>arx</strong></span> <span class='ocrx_word' id='word_1_10' title='bbox 2134 497 2334 572; x_wconf 86' lang='lat' dir='ltr'><strong>modo,</strong></span> <span class='ocrx_word' id='word_1_11' title='bbox 2357 495 2463 559; x_wconf 77' lang='lat' dir='ltr'><strong>sed</strong></span> <span class='ocrx_word' id='word_1_12' title='bbox 2490 500 2669 560; x_wconf 76' lang='lat' dir='ltr'><strong>etiam</strong></span> 
     </span>
     <span class='ocr_line' id='line_1_3' title="bbox 776 599 1760 682; baseline -0.002 -21"><span class='ocrx_word' id='word_1_13' title='bbox 776 601 917 662; x_wconf 87' lang='lat' dir='ltr'><strong>urbs</strong></span> <span class='ocrx_word' id='word_1_14' title='bbox 943 602 1070 682; x_wconf 87' lang='lat' dir='ltr'><strong>ipsa</strong></span> <span class='ocrx_word' id='word_1_15' title='bbox 1097 599 1389 663; x_wconf 85' lang='lat' dir='ltr'><strong>Romanis</strong></span> <span class='ocrx_word' id='word_1_16' title='bbox 1415 599 1760 660; x_wconf 87' lang='lat' dir='ltr'><strong>traderetur.</strong></span> 
     </span>
    </p>

    <p class='ocr_par' dir='ltr' id='par_1_3' title="bbox 455 692 2673 971">
     <span class='ocr_line' id='line_1_4' title="bbox 455 692 2669 777; baseline -0 -25"><span class='ocrx_word' id='word_1_17' title='bbox 455 705 621 753; x_wconf 75' lang='grc' dir='ltr'><strong>Ζουιτ.</strong></span> <span class='ocrx_word' id='word_1_18' title='bbox 857 705 958 758; x_wconf 82' lang='grc'><strong>46.</strong></span> <span class='ocrx_word' id='word_1_19' title='bbox 1001 697 1510 777; x_wconf 84' lang='lat' dir='ltr'><strong>Carthaginienses</strong></span> <span class='ocrx_word' id='word_1_20' title='bbox 1548 696 1662 756; x_wconf 85' lang='lat' dir='ltr'><strong>hoc</strong></span> <span class='ocrx_word' id='word_1_21' title='bbox 1702 703 1912 755; x_wconf 81' lang='lat' dir='ltr'><strong>eventu</strong></span> <span class='ocrx_word' id='word_1_22' title='bbox 1939 696 2175 755; x_wconf 90' lang='lat' dir='ltr'><strong>minime</strong></span> <span class='ocrx_word' id='word_1_23' title='bbox 2218 693 2362 763; x_wconf 72' lang='lat' dir='ltr'><strong>laeti,</strong></span> <span class='ocrx_word' id='word_1_24' title='bbox 2387 692 2493 753; x_wconf 80' lang='lat' dir='ltr'><strong>sed</strong></span> <span class='ocrx_word' id='word_1_25' title='bbox 2518 692 2669 751; x_wconf 85' lang='lat' dir='ltr'><strong>ami-</strong></span> 
     </span>
     <span class='ocr_line' id='line_1_5' title="bbox 777 791 2669 872; baseline -0.004 -17"><span class='ocrx_word' id='word_1_26' title='bbox 777 813 880 854; x_wconf 83' lang='lat' dir='ltr'><strong>eos</strong></span> <span class='ocrx_word' id='word_1_27' title='bbox 904 793 1310 855; x_wconf 86' lang='lat' dir='ltr'><strong>Romanorum</strong></span> <span class='ocrx_word' id='word_1_28' title='bbox 1334 814 1396 853; x_wconf 87' lang='lat' dir='ltr'><strong>se</strong></span> <span class='ocrx_word' id='word_1_29' title='bbox 1422 792 1692 864; x_wconf 81' lang='lat' dir='ltr'><strong>ferentes,</strong></span> <span class='ocrx_word' id='word_1_30' title='bbox 1712 811 1900 872; x_wconf 87' lang='lat' dir='ltr'><strong>neque</strong></span> <span class='ocrx_word' id='word_1_31' title='bbox 1928 791 2104 851; x_wconf 86' lang='lat' dir='ltr'><strong>aliam</strong></span> <span class='ocrx_word' id='word_1_32' title='bbox 2130 791 2207 852; x_wconf 91' lang='lat' dir='ltr'><strong>ob</strong></span> <span class='ocrx_word' id='word_1_33' title='bbox 2232 810 2469 850; x_wconf 75' lang='lat' dir='ltr'><strong>eausam</strong></span> <span class='ocrx_word' id='word_1_34' title='bbox 2486 807 2669 870; x_wconf 80' lang='lat' dir='ltr'><strong>quam</strong></span> 
     </span>
     <span class='ocr_line' id='line_1_6' title="bbox 781 887 2673 971; baseline -0.003 -21"><span class='ocrx_word' id='word_1_35' title='bbox 781 889 859 950; x_wconf 85' lang='lat' dir='ltr'><strong>ad</strong></span> <span class='ocrx_word' id='word_1_36' title='bbox 878 889 1293 971; x_wconf 86' lang='lat' dir='ltr'><strong>expellendum</strong></span> <span class='ocrx_word' id='word_1_37' title='bbox 1321 889 1611 951; x_wconf 88' lang='lat' dir='ltr'><strong>Milonem</strong></span> <span class='ocrx_word' id='word_1_38' title='bbox 1630 889 1877 959; x_wconf 84' lang='lat' dir='ltr'><strong>venisse,</strong></span> <span class='ocrx_word' id='word_1_39' title='bbox 1904 888 2305 949; x_wconf 71' lang='lat' dir='ltr'><strong>discesserunt.</strong></span> <span class='ocrx_word' id='word_1_40' title='bbox 2374 887 2673 947; x_wconf 76' lang='lat' dir='ltr'><strong>Auctores</strong></span> 
     </span>
    </p>

    <p class='ocr_par' dir='ltr' id='par_1_4' title="bbox 455 983 2671 1156">
     <span class='ocr_line' id='line_1_7' title="bbox 455 983 2671 1057; baseline -0.003 -9"><span class='ocrx_word' id='word_1_41' title='bbox 455 985 592 1035; x_wconf 73' lang='lat'><strong>0¹0⁸·</strong></span> <span class='ocrx_word' id='word_1_42' title='bbox 617 999 686 1032; x_wconf 65' lang='grc' dir='ltr'><strong>Ν·</strong></span> <span class='ocrx_word' id='word_1_43' title='bbox 706 989 758 1035; x_wconf 75' lang='lat'><strong>⁵·</strong></span> <span class='ocrx_word' id='word_1_44' title='bbox 779 987 995 1057; x_wconf 89' lang='lat' dir='ltr'><strong>habeo,</strong></span> <span class='ocrx_word' id='word_1_45' title='bbox 1044 986 1266 1050; x_wconf 84' lang='lat' dir='ltr'><strong>Poenos</strong></span> <span class='ocrx_word' id='word_1_46' title='bbox 1291 1005 1329 1047; x_wconf 91' lang='lat' dir='ltr'><strong>a</strong></span> <span class='ocrx_word' id='word_1_47' title='bbox 1355 985 1649 1049; x_wconf 82' lang='lat' dir='ltr'><strong>Romanis</strong></span> <span class='ocrx_word' id='word_1_48' title='bbox 1672 986 1942 1057; x_wconf 80' lang='lat' dir='ltr'><strong>monitos,</strong></span> <span class='ocrx_word' id='word_1_49' title='bbox 1984 993 2003 1022; x_wconf 83' lang='lat'>‘</span> <span class='ocrx_word' id='word_1_50' title='bbox 2021 985 2071 1045; x_wconf 88' lang='lat' dir='ltr'><strong>si</strong></span> <span class='ocrx_word' id='word_1_51' title='bbox 2096 984 2446 1045; x_wconf 68' lang='lat' dir='ltr'><strong>Tarentinae</strong></span> <span class='ocrx_word' id='word_1_52' title='bbox 2484 983 2565 1042; x_wconf 86' lang='lat' dir='ltr'><strong>rei</strong></span> <span class='ocrx_word' id='word_1_53' title='bbox 2605 1002 2671 1041; x_wconf 88' lang='lat' dir='ltr'><strong>se</strong></span> 
     </span>
     <span class='ocr_line' id='line_1_8' title="bbox 782 1078 2671 1156; baseline -0.003 -13"><span class='ocrx_word' id='word_1_54' title='bbox 782 1084 1189 1156; x_wconf 85' lang='lat' dir='ltr'><strong>immiseerent,</strong></span> <span class='ocrx_word' id='word_1_55' title='bbox 1218 1092 1424 1144; x_wconf 82' lang='lat' dir='ltr'><strong>eontra</strong></span> <span class='ocrx_word' id='word_1_56' title='bbox 1447 1082 1669 1143; x_wconf 82' lang='lat' dir='ltr'><strong>foedera</strong></span> <span class='ocrx_word' id='word_1_57' title='bbox 1689 1082 1948 1143; x_wconf 79' lang='lat' dir='ltr'><strong>facturos</strong></span> <span class='ocrx_word' id='word_1_58' title='bbox 1970 1081 2196 1151; x_wconf 84' lang='lat' dir='ltr'><strong>videri,’</strong></span> <span class='ocrx_word' id='word_1_59' title='bbox 2222 1100 2337 1141; x_wconf 91' lang='lat' dir='ltr'><strong>non</strong></span> <span class='ocrx_word' id='word_1_60' title='bbox 2364 1078 2539 1140; x_wconf 89' lang='lat' dir='ltr'><strong>modo</strong></span> <span class='ocrx_word' id='word_1_61' title='bbox 2561 1078 2671 1139; x_wconf 83' lang='lat' dir='ltr'><strong>de·</strong></span> 
     </span>
    </p>

    <p class='ocr_par' dir='ltr' id='par_1_5' title="bbox 454 1173 2670 1260">
     <span class='ocr_line' id='line_1_9' title="bbox 454 1173 2670 1260; baseline -0.001 -24"><span class='ocrx_word' id='word_1_62' title='bbox 454 1186 593 1237; x_wconf 71' lang='lat' dir='ltr'><strong>Oros.</strong></span> <span class='ocrx_word' id='word_1_63' title='bbox 610 1203 685 1238; x_wconf 71' lang='lat' dir='ltr'><strong>xv.</strong></span> <span class='ocrx_word' id='word_1_64' title='bbox 704 1193 754 1240; x_wconf 72' lang='lat'><strong>8.</strong></span> <span class='ocrx_word' id='word_1_65' title='bbox 779 1180 1197 1241; x_wconf 87' lang='lat' dir='ltr'><strong>nuntiationem</strong></span> <span class='ocrx_word' id='word_1_66' title='bbox 1223 1180 1375 1242; x_wconf 83' lang='lat' dir='ltr'><strong>haue</strong></span> <span class='ocrx_word' id='word_1_67' title='bbox 1416 1180 1649 1260; x_wconf 88' lang='lat' dir='ltr'><strong>insuper</strong></span> <span class='ocrx_word' id='word_1_68' title='bbox 1674 1173 1978 1248; x_wconf 70' lang='lat' dir='ltr'><strong>habuissez</strong></span> <span class='ocrx_word' id='word_1_69' title='bbox 2021 1197 2223 1240; x_wconf 80' lang='lat' dir='ltr'><strong>verum</strong></span> <span class='ocrx_word' id='word_1_70' title='bbox 2247 1178 2427 1237; x_wconf 88' lang='lat' dir='ltr'><strong>etiam</strong></span> <span class='ocrx_word' id='word_1_71' title='bbox 2454 1177 2513 1237; x_wconf 90' lang='lat' dir='ltr'><strong>in</strong></span> <span class='ocrx_word' id='word_1_72' title='bbox 2538 1175 2670 1235; x_wconf 80' lang='lat' dir='ltr'><strong>acie</strong></span> 
     </span>
    </p>

    <p class='ocr_par' dir='ltr' id='par_1_6' title="bbox 487 1274 2671 1352">
     <span class='ocr_line' id='line_1_10' title="bbox 487 1274 2671 1352; baseline -0.001 -18"><span class='ocrx_word' id='word_1_73' title='bbox 487 1284 592 1334; x_wconf 76' lang='lat' dir='ltr'><strong>Liv.</strong></span> <span class='ocrx_word' id='word_1_74' title='bbox 625 1284 757 1349; x_wconf 82' lang='lat' dir='ltr'><strong>Epit.</strong></span> <span class='ocrx_word' id='word_1_75' title='bbox 779 1275 1104 1337; x_wconf 84' lang='lat' dir='ltr'><strong>Tarentina</strong></span> <span class='ocrx_word' id='word_1_76' title='bbox 1140 1285 1347 1337; x_wconf 83' lang='lat' dir='ltr'><strong>eontra</strong></span> <span class='ocrx_word' id='word_1_77' title='bbox 1376 1275 1682 1336; x_wconf 88' lang='lat' dir='ltr'><strong>Romanos</strong></span> <span class='ocrx_word' id='word_1_78' title='bbox 1709 1274 1935 1335; x_wconf 84' lang='lat' dir='ltr'><strong>auxilia</strong></span> <span class='ocrx_word' id='word_1_79' title='bbox 1971 1275 2209 1335; x_wconf 86' lang='lat' dir='ltr'><strong>Punica</strong></span> <span class='ocrx_word' id='word_1_80' title='bbox 2247 1275 2505 1334; x_wconf 79' lang='lat' dir='ltr'><strong>stetisse:</strong></span> <span class='ocrx_word' id='word_1_81' title='bbox 2548 1290 2671 1352; x_wconf 85' lang='lat' dir='ltr'><strong>qua</strong></span> 
     </span>
    </p>
   </div>
   <div class='ocr_carea' id='block_1_3' title="bbox 457 1363 2671 1550">
    <p class='ocr_par' dir='ltr' id='par_1_7' title="bbox 457 1363 2671 1550">
     <span class='ocr_line' id='line_1_11' title="bbox 458 1363 2669 1465; baseline -0.006 -26"><span class='ocrx_word' id='word_1_82' title='bbox 458 1363 576 1463; x_wconf 45' lang='grc' dir='ltr'><strong>’ἐξ</strong></span> <span class='ocrx_word' id='word_1_83' title='bbox 580 1429 757 1465; x_wconf 49' lang='grc'><strong>.....</strong></span> <span class='ocrx_word' id='word_1_84' title='bbox 782 1393 861 1433; x_wconf 86' lang='lat' dir='ltr'><strong>ex</strong></span> <span class='ocrx_word' id='word_1_85' title='bbox 885 1373 1111 1434; x_wconf 84' lang='lat' dir='ltr'><strong>offensa</strong></span> <span class='ocrx_word' id='word_1_86' title='bbox 1135 1373 1390 1433; x_wconf 73' lang='lat' dir='ltr'><strong>maxime</strong></span> <span class='ocrx_word' id='word_1_87' title='bbox 1423 1370 1668 1442; x_wconf 88' lang='lat' dir='ltr'><strong>bellum,</strong></span> <span class='ocrx_word' id='word_1_88' title='bbox 1700 1370 1858 1451; x_wconf 91' lang='lat' dir='ltr'><strong>quod</strong></span> <span class='ocrx_word' id='word_1_89' title='bbox 1884 1371 2190 1433; x_wconf 81' lang='lat' dir='ltr'><strong>adversum</strong></span> <span class='ocrx_word' id='word_1_90' title='bbox 2219 1369 2669 1449; x_wconf 84' lang='lat' dir='ltr'><strong>Carthaginien-</strong></span> 
     </span>
     <span class='ocr_line' id='line_1_12' title="bbox 457 1467 2671 1550; baseline -0.003 -21"><span class='ocrx_word' id='word_1_91' title='bbox 457 1483 540 1530; x_wconf 80' lang='grc' dir='ltr'><strong>ιο.</strong></span> <span class='ocrx_word' id='word_1_92' title='bbox 783 1489 875 1529; x_wconf 82' lang='lat' dir='ltr'><strong>ses</strong></span> <span class='ocrx_word' id='word_1_93' title='bbox 899 1470 959 1528; x_wconf 93' lang='lat' dir='ltr'><strong>in</strong></span> <span class='ocrx_word' id='word_1_94' title='bbox 983 1468 1191 1530; x_wconf 79' lang='lat' dir='ltr'><strong>Sicilia</strong></span> <span class='ocrx_word' id='word_1_95' title='bbox 1213 1477 1437 1549; x_wconf 83' lang='lat' dir='ltr'><strong>gestum</strong></span> <span class='ocrx_word' id='word_1_96' title='bbox 1477 1477 1588 1539; x_wconf 79' lang='lat' dir='ltr'><strong>est,</strong></span> <span class='ocrx_word' id='word_1_97' title='bbox 1615 1469 1902 1550; x_wconf 79' lang='lat' dir='ltr'><strong>eruperit:</strong></span> <span class='ocrx_word' id='word_1_98' title='bbox 1944 1487 2280 1550; x_wconf 83' lang='lat' dir='ltr'><strong>quanquam</strong></span> <span class='ocrx_word' id='word_1_99' title='bbox 2321 1467 2499 1527; x_wconf 83' lang='lat' dir='ltr'><strong>Poeni</strong></span> <span class='ocrx_word' id='word_1_100' title='bbox 2538 1482 2671 1546; x_wconf 40' lang='lat' dir='ltr'><strong>per-</strong></span> 
     </span>
    </p>
   </div>
   <div class='ocr_carea' id='block_1_4' title="bbox 447 1543 2672 4166">
    <p class='ocr_par' dir='ltr' id='par_1_8' title="bbox 453 1543 2672 2615">
     <span class='ocr_line' id='line_1_13' title="bbox 458 1543 2669 1659; baseline -0.001 -35"><span class='ocrx_word' id='word_1_101' title='bbox 458 1543 761 1659; x_wconf 44' lang='lat' dir='ltr'><strong>‘ggffgyi&#39;</strong></span> <span class='ocrx_word' id='word_1_102' title='bbox 773 1566 935 1644; x_wconf 84' lang='lat' dir='ltr'><strong>jurio</strong></span> <span class='ocrx_word' id='word_1_103' title='bbox 956 1565 1193 1646; x_wconf 82' lang='lat' dir='ltr'><strong>eulpam</strong></span> <span class='ocrx_word' id='word_1_104' title='bbox 1217 1563 1720 1645; x_wconf 66' lang='lat' dir='ltr'><strong>tegeresolentes,</strong></span> <span class='ocrx_word' id='word_1_105' title='bbox 1764 1573 1783 1602; x_wconf 72' lang='lat'>⁸</span> <span class='ocrx_word' id='word_1_106' title='bbox 1803 1564 1948 1625; x_wconf 80' lang='lat' dir='ltr'>nihil</span> <span class='ocrx_word' id='word_1_107' title='bbox 1990 1566 2067 1626; x_wconf 88' lang='lat' dir='ltr'><strong>ab</strong></span> <span class='ocrx_word' id='word_1_108' title='bbox 2107 1586 2169 1626; x_wconf 80' lang='lat' dir='ltr'><strong>se</strong></span> <span class='ocrx_word' id='word_1_109' title='bbox 2199 1563 2339 1625; x_wconf 92' lang='lat' dir='ltr'><strong>dolo</strong></span> <span class='ocrx_word' id='word_1_110' title='bbox 2359 1562 2517 1624; x_wconf 76' lang='lat' dir='ltr'><strong>malo</strong></span> <span class='ocrx_word' id='word_1_111' title='bbox 2541 1561 2669 1621; x_wconf 82' lang='lat' dir='ltr'><strong>fac-</strong></span> 
     </span>
     <span class='ocr_line' id='line_1_14' title="bbox 784 1656 2672 1742; baseline -0.002 -21"><span class='ocrx_word' id='word_1_112' title='bbox 784 1656 909 1721; x_wconf 77' lang='lat' dir='ltr'><strong>tu&#39;m</strong></span> <span class='ocrx_word' id='word_1_113' title='bbox 933 1664 1100 1733; x_wconf 81' lang='lat' dir='ltr'><strong>esse‚&#39;</strong></span> <span class='ocrx_word' id='word_1_114' title='bbox 1122 1663 1498 1741; x_wconf 70' lang='lat' dir='ltr'><strong>juraviaeent.</strong></span> <span class='ocrx_word' id='word_1_115' title='bbox 1572 1662 1726 1742; x_wconf 90' lang='lat' dir='ltr'><strong>Ego,</strong></span> <span class='ocrx_word' id='word_1_116' title='bbox 1753 1664 1908 1724; x_wconf 84' lang='lat' dir='ltr'><strong>sieut</strong></span> <span class='ocrx_word' id='word_1_117' title='bbox 1930 1682 2046 1723; x_wconf 91' lang='lat' dir='ltr'><strong>non</strong></span> <span class='ocrx_word' id='word_1_118' title='bbox 2074 1661 2372 1723; x_wconf 80' lang='lat' dir='ltr'><strong>abnuerim</strong></span> <span class='ocrx_word' id='word_1_119' title='bbox 2395 1660 2493 1721; x_wconf 80' lang='lat' dir='ltr'><strong>vel</strong></span> <span class='ocrx_word' id='word_1_120' title='bbox 2519 1660 2672 1718; x_wconf 83' lang='lat' dir='ltr'><strong>inter</strong></span> 
     </span>
     <span class='ocr_line' id='line_1_15' title="bbox 477 1755 2668 1841; baseline -0.001 -25"><span class='ocrx_word' id='word_1_121' title='bbox 477 1759 761 1839; x_wconf 54' lang='lat' dir='ltr'><strong>Paul-Dine·</strong></span> <span class='ocrx_word' id='word_1_122' title='bbox 784 1758 937 1840; x_wconf 78' lang='lat' dir='ltr'><strong>ipsos</strong></span> <span class='ocrx_word' id='word_1_123' title='bbox 962 1759 1141 1820; x_wconf 86' lang='lat' dir='ltr'><strong>dnees</strong></span> <span class='ocrx_word' id='word_1_124' title='bbox 1178 1759 1299 1820; x_wconf 85' lang='lat' dir='ltr'><strong>tale</strong></span> <span class='ocrx_word' id='word_1_125' title='bbox 1325 1758 1469 1841; x_wconf 90' lang='lat' dir='ltr'><strong>quid</strong></span> <span class='ocrx_word' id='word_1_126' title='bbox 1515 1760 1612 1838; x_wconf 88' lang='lat' dir='ltr'><strong>agi</strong></span> <span class='ocrx_word' id='word_1_127' title='bbox 1650 1759 1926 1840; x_wconf 84' lang='lat' dir='ltr'><strong>potuisse,</strong></span> <span class='ocrx_word' id='word_1_128' title='bbox 1969 1759 2107 1819; x_wconf 87' lang='lat' dir='ltr'><strong>dum</strong></span> <span class='ocrx_word' id='word_1_129' title='bbox 2150 1757 2462 1819; x_wconf 81' lang='lat' dir='ltr'><strong>Romanus</strong></span> <span class='ocrx_word' id='word_1_130' title='bbox 2491 1755 2668 1816; x_wconf 82' lang='lat' dir='ltr'><strong>Poeni</strong></span> 
     </span>
     <span class='ocr_line' id='line_1_16' title="bbox 453 1824 2672 1942; baseline -0.001 -27"><span class='ocrx_word' id='word_1_131' title='bbox 453 1824 759 1942; x_wconf 35' lang='lat' dir='ltr'><strong>Effipm‘</strong></span> <span class='ocrx_word' id='word_1_132' title='bbox 779 1857 1144 1938; x_wconf 77' lang='lat' dir='ltr'><strong>praesentiam</strong></span> <span class='ocrx_word' id='word_1_133' title='bbox 1171 1876 1322 1936; x_wconf 72' lang='lat' dir='ltr'><strong>aegre</strong></span> <span class='ocrx_word' id='word_1_134' title='bbox 1342 1857 1580 1937; x_wconf 74' lang='lat' dir='ltr'><strong>patitur,</strong></span> <span class='ocrx_word' id='word_1_135' title='bbox 1611 1855 1836 1916; x_wconf 85' lang='lat' dir='ltr'><strong>Poenus</strong></span> <span class='ocrx_word' id='word_1_136' title='bbox 1858 1855 2120 1916; x_wconf 81' lang='lat' dir='ltr'><strong>instituto</strong></span> <span class='ocrx_word' id='word_1_137' title='bbox 2144 1876 2249 1916; x_wconf 86' lang='lat' dir='ltr'><strong>suo</strong></span> <span class='ocrx_word' id='word_1_138' title='bbox 2273 1874 2452 1936; x_wconf 89' lang='lat' dir='ltr'><strong>quam</strong></span> <span class='ocrx_word' id='word_1_139' title='bbox 2478 1861 2672 1935; x_wconf 73' lang='lat' dir='ltr'><strong>potent</strong></span> 
     </span>
     <span class='ocr_line' id='line_1_17' title="bbox 778 1950 2667 2035; baseline -0.002 -22"><span class='ocrx_word' id='word_1_140' title='bbox 778 1973 1015 2013; x_wconf 85' lang='lat' dir='ltr'><strong>causam</strong></span> <span class='ocrx_word' id='word_1_141' title='bbox 1048 1954 1353 2034; x_wconf 73' lang='lat' dir='ltr'><strong>praetexit3</strong></span> <span class='ocrx_word' id='word_1_142' title='bbox 1398 1952 1493 2014; x_wconf 84' lang='lat' dir='ltr'><strong>vel</strong></span> <span class='ocrx_word' id='word_1_143' title='bbox 1522 1952 1769 2035; x_wconf 86' lang='lat' dir='ltr'><strong>populos</strong></span> <span class='ocrx_word' id='word_1_144' title='bbox 1796 1954 1950 2033; x_wconf 80' lang='lat' dir='ltr'><strong>ipsos</strong></span> <span class='ocrx_word' id='word_1_145' title='bbox 1973 1951 2209 2035; x_wconf 83' lang='lat' dir='ltr'><strong>publice</strong></span> <span class='ocrx_word' id='word_1_146' title='bbox 2232 1952 2434 2012; x_wconf 77' lang='lat' dir='ltr'><strong>isthaec</strong></span> <span class='ocrx_word' id='word_1_147' title='bbox 2467 1950 2667 2030; x_wconf 82' lang='lat' dir='ltr'><strong>dispu-</strong></span> 
     </span>
     <span class='ocr_line' id='line_1_18' title="bbox 782 2046 2670 2118; baseline -0.002 -9"><span class='ocrx_word' id='word_1_148' title='bbox 782 2050 1030 2118; x_wconf 71' lang='lat' dir='ltr'><strong>tavisse3</strong></span> <span class='ocrx_word' id='word_1_149' title='bbox 1074 2052 1160 2111; x_wconf 84' lang='lat' dir='ltr'><strong>ita</strong></span> <span class='ocrx_word' id='word_1_150' title='bbox 1201 2050 1453 2111; x_wconf 81' lang='lat' dir='ltr'><strong>veriores</strong></span> <span class='ocrx_word' id='word_1_151' title='bbox 1493 2048 1636 2109; x_wconf 89' lang='lat' dir='ltr'><strong>belli</strong></span> <span class='ocrx_word' id='word_1_152' title='bbox 1677 2069 1818 2111; x_wconf 86' lang='lat' dir='ltr'><strong>mox</strong></span> <span class='ocrx_word' id='word_1_153' title='bbox 1850 2051 2040 2109; x_wconf 81' lang='lat' dir='ltr'><strong>exorti</strong></span> <span class='ocrx_word' id='word_1_154' title='bbox 2072 2068 2278 2110; x_wconf 84' lang='lat' dir='ltr'><strong>causas</strong></span> <span class='ocrx_word' id='word_1_155' title='bbox 2318 2048 2467 2109; x_wconf 81' lang='lat' dir='ltr'><strong>alias</strong></span> <span class='ocrx_word' id='word_1_156' title='bbox 2490 2046 2670 2106; x_wconf 65' lang='lat' dir='ltr'><strong>fuine</strong></span> 
     </span>
     <span class='ocr_line' id='line_1_19' title="bbox 776 2144 2668 2228; baseline -0.002 -22"><span class='ocrx_word' id='word_1_157' title='bbox 776 2146 1081 2215; x_wconf 85' lang='lat' dir='ltr'><strong>existimo;</strong></span> <span class='ocrx_word' id='word_1_158' title='bbox 1123 2146 1284 2228; x_wconf 89' lang='lat' dir='ltr'><strong>qnod</strong></span> <span class='ocrx_word' id='word_1_159' title='bbox 1313 2167 1500 2227; x_wconf 88' lang='lat' dir='ltr'><strong>neque</strong></span> <span class='ocrx_word' id='word_1_160' title='bbox 1515 2148 1712 2206; x_wconf 86' lang='lat' dir='ltr'><strong>statim</strong></span> <span class='ocrx_word' id='word_1_161' title='bbox 1730 2144 2014 2207; x_wconf 90' lang='lat' dir='ltr'><strong>bellatum</strong></span> <span class='ocrx_word' id='word_1_162' title='bbox 2029 2155 2138 2217; x_wconf 88' lang='lat' dir='ltr'><strong>est,</strong></span> <span class='ocrx_word' id='word_1_163' title='bbox 2165 2155 2228 2206; x_wconf 92' lang='lat' dir='ltr'><strong>et</strong></span> <span class='ocrx_word' id='word_1_164' title='bbox 2241 2155 2445 2227; x_wconf 76' lang='lat' dir='ltr'><strong>postea</strong></span> <span class='ocrx_word' id='word_1_165' title='bbox 2466 2153 2668 2204; x_wconf 81' lang='lat' dir='ltr'><strong>natum</strong></span> 
     </span>
     <span class='ocr_line' id='line_1_20' title="bbox 777 2241 2671 2325; baseline 0 -23"><span class='ocrx_word' id='word_1_166' title='bbox 777 2243 836 2302; x_wconf 89' lang='lat' dir='ltr'><strong>in</strong></span> <span class='ocrx_word' id='word_1_167' title='bbox 865 2241 1071 2303; x_wconf 82' lang='lat' dir='ltr'><strong>Sicilia</strong></span> <span class='ocrx_word' id='word_1_168' title='bbox 1110 2243 1355 2314; x_wconf 89' lang='lat' dir='ltr'><strong>bellum,</strong></span> <span class='ocrx_word' id='word_1_169' title='bbox 1394 2243 1473 2303; x_wconf 91' lang='lat' dir='ltr'><strong>ob</strong></span> <span class='ocrx_word' id='word_1_170' title='bbox 1517 2243 1904 2304; x_wconf 76' lang='lat' dir='ltr'><strong>Mamertinos</strong></span> <span class='ocrx_word' id='word_1_171' title='bbox 1943 2243 2257 2325; x_wconf 77' lang='lat' dir='ltr'><strong>praecipue,</strong></span> <span class='ocrx_word' id='word_1_172' title='bbox 2301 2242 2671 2304; x_wconf 81' lang='lat' dir='ltr'><strong>manentibus</strong></span> 
     </span>
     <span class='ocr_line' id='line_1_21' title="bbox 777 2337 2667 2429; baseline 0 -29"><span class='ocrx_word' id='word_1_173' title='bbox 777 2338 972 2429; x_wconf 56' lang='lat' dir='ltr'><strong>adnue</strong></span> <span class='ocrx_word' id='word_1_174' title='bbox 1000 2340 1251 2400; x_wconf 82' lang='lat' dir='ltr'><strong>Punicis</strong></span> <span class='ocrx_word' id='word_1_175' title='bbox 1272 2339 1610 2413; x_wconf 67' lang='lat' dir='ltr'><strong>foedefibus,</strong></span> <span class='ocrx_word' id='word_1_176' title='bbox 1634 2341 1873 2401; x_wconf 78' lang='lat' dir='ltr'><strong>exarsit.</strong></span> <span class='ocrx_word' id='word_1_177' title='bbox 1917 2341 2122 2401; x_wconf 81' lang='lat' dir='ltr'><strong>Aucto</strong></span> <span class='ocrx_word' id='word_1_178' title='bbox 2147 2338 2223 2400; x_wconf 86' lang='lat' dir='ltr'><strong>ad</strong></span> <span class='ocrx_word' id='word_1_179' title='bbox 2246 2340 2402 2400; x_wconf 87' lang='lat' dir='ltr'><strong>hunc</strong></span> <span class='ocrx_word' id='word_1_180' title='bbox 2429 2337 2667 2400; x_wconf 88' lang='lat' dir='ltr'><strong>modum</strong></span> 
     </span>
     <span class='ocr_line' id='line_1_22' title="bbox 777 2435 2666 2517; baseline 0.001 -22"><span class='ocrx_word' id='word_1_181' title='bbox 777 2435 1019 2517; x_wconf 85' lang='lat' dir='ltr'><strong>imperio</strong></span> <span class='ocrx_word' id='word_1_182' title='bbox 1057 2436 1366 2497; x_wconf 84' lang='lat' dir='ltr'><strong>redeuntes</strong></span> <span class='ocrx_word' id='word_1_183' title='bbox 1406 2436 1667 2497; x_wconf 87' lang='lat' dir='ltr'><strong>Romam</strong></span> <span class='ocrx_word' id='word_1_184' title='bbox 1714 2436 1980 2497; x_wconf 82' lang='lat' dir='ltr'><strong>consules</strong></span> <span class='ocrx_word' id='word_1_185' title='bbox 2015 2457 2054 2497; x_wconf 86' lang='lat' dir='ltr'><strong>a</strong></span> <span class='ocrx_word' id='word_1_186' title='bbox 2092 2436 2517 2517; x_wconf 71' lang='lat' dir='ltr'><strong>gramlantibus</strong></span> <span class='ocrx_word' id='word_1_187' title='bbox 2558 2455 2666 2496; x_wconf 83' lang='lat' dir='ltr'><strong>ex·-</strong></span> 
     </span>
     <span class='ocr_line' id='line_1_23' title="bbox 776 2533 2667 2615; baseline -0.001 -22"><span class='ocrx_word' id='word_1_188' title='bbox 776 2533 957 2614; x_wconf 84' lang='lat' dir='ltr'><strong>cepti,</strong></span> <span class='ocrx_word' id='word_1_189' title='bbox 998 2553 1211 2614; x_wconf 84' lang='lat' dir='ltr'><strong>magno</strong></span> <span class='ocrx_word' id='word_1_190' title='bbox 1235 2534 1491 2597; x_wconf 82' lang='lat' dir='ltr'><strong>omnium</strong></span> <span class='ocrx_word' id='word_1_191' title='bbox 1520 2533 1742 2604; x_wconf 81' lang='lat' dir='ltr'><strong>favore,</strong></span> <span class='ocrx_word' id='word_1_192' title='bbox 1772 2553 2098 2615; x_wconf 83' lang='lat' dir='ltr'><strong>magnaque</strong></span> <span class='ocrx_word' id='word_1_193' title='bbox 2124 2552 2232 2595; x_wconf 84' lang='lat' dir='ltr'><strong>sua</strong></span> <span class='ocrx_word' id='word_1_194' title='bbox 2254 2533 2442 2613; x_wconf 86' lang='lat' dir='ltr'><strong>gloria</strong></span> <span class='ocrx_word' id='word_1_195' title='bbox 2463 2533 2667 2593; x_wconf 89' lang='lat' dir='ltr'><strong>trium-</strong></span> 
     </span>
    </p>

    <p class='ocr_par' dir='ltr' id='par_1_9' title="bbox 447 2630 2670 4166">
     <span class='ocr_line' id='line_1_24' title="bbox 449 2630 2030 2711; baseline 0.006 -26"><span class='ocrx_word' id='word_1_196' title='bbox 449 2631 581 2686; x_wconf 68' lang='lat' dir='ltr'><strong>Fati</strong></span> <span class='ocrx_word' id='word_1_197' title='bbox 591 2635 755 2700; x_wconf 77' lang='lat' dir='ltr'><strong>Capit·</strong></span> <span class='ocrx_word' id='word_1_198' title='bbox 775 2630 1046 2711; x_wconf 62' lang='lat' dir='ltr'><strong>phurnut.</strong></span> <span class='ocrx_word' id='word_1_199' title='bbox 2024 2701 2030 2710; x_wconf 37' lang='grc'><strong>,</strong></span> 
     </span>
     <span class='ocr_line' id='line_1_25' title="bbox 484 2727 2670 2809; baseline 0.002 -25"><span class='ocrx_word' id='word_1_200' title='bbox 484 2734 665 2784; x_wconf 70' lang='lat' dir='ltr'><strong>sustin.</strong></span> <span class='ocrx_word' id='word_1_201' title='bbox 841 2734 941 2791; x_wconf 78' lang='lat'><strong>47.</strong></span> <span class='ocrx_word' id='word_1_202' title='bbox 986 2727 1152 2789; x_wconf 88' lang='lat' dir='ltr'><strong>Inter</strong></span> <span class='ocrx_word' id='word_1_203' title='bbox 1202 2730 1332 2789; x_wconf 76' lang='lat' dir='ltr'><strong>haec</strong></span> <span class='ocrx_word' id='word_1_204' title='bbox 1384 2730 1470 2797; x_wconf 81' lang='lat' dir='ltr'><strong>Q.</strong></span> <span class='ocrx_word' id='word_1_205' title='bbox 1522 2729 1742 2790; x_wconf 80' lang='lat' dir='ltr'><strong>Fabius</strong></span> <span class='ocrx_word' id='word_1_206' title='bbox 1781 2727 2016 2809; x_wconf 82' lang='lat' dir='ltr'><strong>Gurges</strong></span> <span class='ocrx_word' id='word_1_207' title='bbox 2053 2738 2116 2790; x_wconf 92' lang='lat' dir='ltr'><strong>et</strong></span> <span class='ocrx_word' id='word_1_208' title='bbox 2153 2729 2330 2789; x_wconf 83' lang='lat' dir='ltr'><strong>eeteri</strong></span> <span class='ocrx_word' id='word_1_209' title='bbox 2365 2730 2468 2809; x_wconf 88' lang='lat' dir='ltr'><strong>qui</strong></span> <span class='ocrx_word' id='word_1_210' title='bbox 2508 2728 2670 2789; x_wconf 66' lang='lat' dir='ltr'><strong>mimi</strong></span> 
     </span>
     <span class='ocr_line' id='line_1_26' title="bbox 455 2804 2666 2906; baseline 0 -22"><span class='ocrx_word' id='word_1_211' title='bbox 455 2814 614 2848; x_wconf 59' lang='lat'>¹¹¹¹¹¹</span> <span class='ocrx_word' id='word_1_212' title='bbox 635 2804 685 2850; x_wconf 75' lang='lat'><strong>²·</strong></span> <span class='ocrx_word' id='word_1_213' title='bbox 776 2824 1211 2885; x_wconf 82' lang='lat' dir='ltr'><strong>Alexandriam</strong></span> <span class='ocrx_word' id='word_1_214' title='bbox 1249 2825 1482 2886; x_wconf 85' lang='lat' dir='ltr'><strong>fuerant</strong></span> <span class='ocrx_word' id='word_1_215' title='bbox 1515 2826 1573 2886; x_wconf 88' lang='lat' dir='ltr'><strong>in</strong></span> <span class='ocrx_word' id='word_1_216' title='bbox 1604 2835 1808 2887; x_wconf 86' lang='lat' dir='ltr'><strong>senatu</strong></span> <span class='ocrx_word' id='word_1_217' title='bbox 1851 2825 2201 2906; x_wconf 81' lang='lat' dir='ltr'><strong>legationem</strong></span> <span class='ocrx_word' id='word_1_218' title='bbox 2226 2825 2666 2904; x_wconf 73' lang='lat' dir='ltr'><strong>renuntiarunt:</strong></span> 
     </span>
     <span class='ocr_line' id='line_1_27' title="bbox 779 2913 2669 3004; baseline 0.002 -24"><span class='ocrx_word' id='word_1_219' title='bbox 779 2930 798 2957; x_wconf 89' lang='lat'>‘</span> <span class='ocrx_word' id='word_1_220' title='bbox 822 2920 1002 2980; x_wconf 90' lang='lat' dir='ltr'><strong>Omni</strong></span> <span class='ocrx_word' id='word_1_221' title='bbox 1053 2941 1116 2980; x_wconf 83' lang='lat' dir='ltr'><strong>se</strong></span> <span class='ocrx_word' id='word_1_222' title='bbox 1156 2941 1363 3000; x_wconf 78' lang='lat' dir='ltr'><strong>genere</strong></span> <span class='ocrx_word' id='word_1_223' title='bbox 1408 2921 1823 3003; x_wconf 73' lang='lat' dir='ltr'><strong>hospitalitatis</strong></span> <span class='ocrx_word' id='word_1_224' title='bbox 1847 2943 1919 2983; x_wconf 83' lang='lat' dir='ltr'><strong>ac</strong></span> <span class='ocrx_word' id='word_1_225' title='bbox 1944 2913 2369 2984; x_wconf 52' lang='lat' dir='ltr'><strong>benevolenti&amp;</strong></span> <span class='ocrx_word' id='word_1_226' title='bbox 2393 2931 2669 3004; x_wconf 73' lang='lat' dir='ltr'><strong>acceptos</strong></span> 
     </span>
     <span class='ocr_line' id='line_1_28' title="bbox 774 3016 2669 3100; baseline 0.003 -24"><span class='ocrx_word' id='word_1_227' title='bbox 774 3016 1158 3096; x_wconf 81' lang='lat' dir='ltr'><strong>habitosque:</strong></span> <span class='ocrx_word' id='word_1_228' title='bbox 1201 3037 1445 3078; x_wconf 88' lang='lat' dir='ltr'><strong>munera</strong></span> <span class='ocrx_word' id='word_1_229' title='bbox 1465 3020 1835 3091; x_wconf 81' lang='lat' dir='ltr'><strong>venientibus</strong></span> <span class='ocrx_word' id='word_1_230' title='bbox 1852 3019 2167 3100; x_wconf 83' lang='lat' dir='ltr'><strong>magnifica</strong></span> <span class='ocrx_word' id='word_1_231' title='bbox 2191 3019 2398 3081; x_wconf 79' lang='lat' dir='ltr'><strong>missa:</strong></span> <span class='ocrx_word' id='word_1_232' title='bbox 2440 3022 2669 3099; x_wconf 83' lang='lat' dir='ltr'><strong>majora</strong></span> 
     </span>
     <span class='ocr_line' id='line_1_29' title="bbox 777 3112 2666 3199; baseline 0.002 -26"><span class='ocrx_word' id='word_1_233' title='bbox 777 3112 956 3174; x_wconf 84' lang='lat' dir='ltr'><strong>etiam</strong></span> <span class='ocrx_word' id='word_1_234' title='bbox 1007 3112 1153 3173; x_wconf 82' lang='lat' dir='ltr'><strong>data</strong></span> <span class='ocrx_word' id='word_1_235' title='bbox 1204 3113 1656 3177; x_wconf 79' lang='lat' dir='ltr'><strong>discedentibus.</strong></span> <span class='ocrx_word' id='word_1_236' title='bbox 1741 3115 1863 3178; x_wconf 86' lang='lat' dir='ltr'><strong>Sed</strong></span> <span class='ocrx_word' id='word_1_237' title='bbox 1904 3117 2099 3199; x_wconf 84' lang='lat' dir='ltr'><strong>priora</strong></span> <span class='ocrx_word' id='word_1_238' title='bbox 2137 3116 2374 3199; x_wconf 87' lang='lat' dir='ltr'><strong>quidem</strong></span> <span class='ocrx_word' id='word_1_239' title='bbox 2400 3115 2506 3176; x_wconf 88' lang='lat' dir='ltr'><strong>illa</strong></span> <span class='ocrx_word' id='word_1_240' title='bbox 2540 3137 2666 3177; x_wconf 89' lang='lat' dir='ltr'><strong>mo-</strong></span> 
     </span>
     <span class='ocr_line' id='line_1_30' title="bbox 777 3208 2669 3295; baseline 0.003 -25"><span class='ocrx_word' id='word_1_241' title='bbox 777 3208 940 3271; x_wconf 81' lang='lat' dir='ltr'><strong>deste</strong></span> <span class='ocrx_word' id='word_1_242' title='bbox 965 3211 1237 3284; x_wconf 82' lang='lat' dir='ltr'><strong>recusari,</strong></span> <span class='ocrx_word' id='word_1_243' title='bbox 1266 3213 1451 3292; x_wconf 85' lang='lat' dir='ltr'><strong>magis</strong></span> <span class='ocrx_word' id='word_1_244' title='bbox 1472 3233 1552 3274; x_wconf 82' lang='lat' dir='ltr'><strong>ex</strong></span> <span class='ocrx_word' id='word_1_245' title='bbox 1588 3212 1871 3294; x_wconf 74' lang='lat' dir='ltr'><strong>dignitate</strong></span> <span class='ocrx_word' id='word_1_246' title='bbox 1898 3215 2363 3295; x_wconf 76' lang='lat' dir='ltr'><strong>abstinentiaque</strong></span> <span class='ocrx_word' id='word_1_247' title='bbox 2385 3213 2669 3275; x_wconf 74' lang='lat' dir='ltr'><strong>Romam</strong></span> 
     </span>
     <span class='ocr_line' id='line_1_31' title="bbox 782 3306 2666 3394; baseline 0.003 -28"><span class='ocrx_word' id='word_1_248' title='bbox 782 3306 968 3367; x_wconf 81' lang='lat' dir='ltr'><strong>visum</strong></span> <span class='ocrx_word' id='word_1_249' title='bbox 992 3326 1153 3368; x_wconf 80' lang='lat' dir='ltr'><strong>esse:</strong></span> <span class='ocrx_word' id='word_1_250' title='bbox 1193 3317 1412 3381; x_wconf 75' lang='lat' dir='ltr'><strong>cetera,</strong></span> <span class='ocrx_word' id='word_1_251' title='bbox 1437 3330 1572 3391; x_wconf 80' lang='lat' dir='ltr'><strong>quae</strong></span> <span class='ocrx_word' id='word_1_252' title='bbox 1595 3312 1831 3372; x_wconf 91' lang='lat' dir='ltr'><strong>omnino</strong></span> <span class='ocrx_word' id='word_1_253' title='bbox 1855 3311 2190 3394; x_wconf 87' lang='lat' dir='ltr'><strong>recipienda</strong></span> <span class='ocrx_word' id='word_1_254' title='bbox 2212 3310 2474 3380; x_wconf 80' lang='lat' dir='ltr'><strong>fuissent,</strong></span> <span class='ocrx_word' id='word_1_255' title='bbox 2510 3330 2549 3371; x_wconf 88' lang='lat' dir='ltr'><strong>a</strong></span> <span class='ocrx_word' id='word_1_256' title='bbox 2577 3332 2666 3383; x_wconf 83' lang='lat' dir='ltr'><strong>se,</strong></span> 
     </span>
     <span class='ocr_line' id='line_1_32' title="bbox 489 3404 2665 3489; baseline 0.004 -29"><span class='ocrx_word' id='word_1_257' title='bbox 489 3412 602 3461; x_wconf 72' lang='lat' dir='ltr'><strong>val.</strong></span> <span class='ocrx_word' id='word_1_258' title='bbox 621 3412 756 3461; x_wconf 73' lang='lat' dir='ltr'><strong>Mn.</strong></span> <span class='ocrx_word' id='word_1_259' title='bbox 779 3404 1113 3485; x_wconf 78' lang='lat' dir='ltr'><strong>priusquam</strong></span> <span class='ocrx_word' id='word_1_260' title='bbox 1138 3404 1384 3467; x_wconf 86' lang='lat' dir='ltr'><strong>aliarum</strong></span> <span class='ocrx_word' id='word_1_261' title='bbox 1410 3427 1600 3468; x_wconf 86' lang='lat' dir='ltr'><strong>rerum</strong></span> <span class='ocrx_word' id='word_1_262' title='bbox 1640 3409 1956 3489; x_wconf 86' lang='lat' dir='ltr'><strong>quicquam</strong></span> <span class='ocrx_word' id='word_1_263' title='bbox 1992 3417 2253 3488; x_wconf 84' lang='lat' dir='ltr'><strong>agerent,</strong></span> <span class='ocrx_word' id='word_1_264' title='bbox 2294 3408 2352 3467; x_wconf 87' lang='lat' dir='ltr'><strong>in</strong></span> <span class='ocrx_word' id='word_1_265' title='bbox 2395 3409 2665 3469; x_wconf 76' lang='lat' dir='ltr'><strong>oerarium</strong></span> 
     </span>
     <span class='ocr_line' id='line_1_33' title="bbox 460 3481 2663 3582; baseline 0.002 -21"><span class='ocrx_word' id='word_1_266' title='bbox 460 3481 602 3527; x_wconf 50' lang='grc' dir='ltr'><strong>Μ’·</strong></span> <span class='ocrx_word' id='word_1_267' title='bbox 621 3481 672 3528; x_wconf 81' lang='lat'><strong>⁰·</strong></span> <span class='ocrx_word' id='word_1_268' title='bbox 781 3500 982 3582; x_wconf 87' lang='lat' dir='ltr'><strong>populi</strong></span> <span class='ocrx_word' id='word_1_269' title='bbox 1009 3502 1270 3563; x_wconf 87' lang='lat' dir='ltr'><strong>Romani</strong></span> <span class='ocrx_word' id='word_1_270' title='bbox 1296 3502 1499 3565; x_wconf 84' lang='lat' dir='ltr'><strong>delata</strong></span> <span class='ocrx_word' id='word_1_271' title='bbox 1524 3525 1670 3566; x_wconf 79' lang='lat' dir='ltr'><strong>esse.</strong></span> <span class='ocrx_word' id='word_1_272' title='bbox 1751 3504 1870 3564; x_wconf 90' lang='lat' dir='ltr'><strong>Sed</strong></span> <span class='ocrx_word' id='word_1_273' title='bbox 1900 3514 1963 3565; x_wconf 90' lang='lat' dir='ltr'><strong>et</strong></span> <span class='ocrx_word' id='word_1_274' title='bbox 1988 3504 2394 3574; x_wconf 74' lang='lat' dir='ltr'><strong>Alexandriae,</strong></span> <span class='ocrx_word' id='word_1_275' title='bbox 2422 3524 2560 3566; x_wconf 87' lang='lat' dir='ltr'><strong>cum</strong></span> <span class='ocrx_word' id='word_1_276' title='bbox 2584 3506 2663 3565; x_wconf 87' lang='lat' dir='ltr'><strong>ad</strong></span> 
     </span>
     <span class='ocr_line' id='line_1_34' title="bbox 642 3596 2667 3683; baseline 0.003 -27"><span class='ocrx_word' id='word_1_277' title='bbox 642 3623 702 3656; x_wconf 84' lang='lat' dir='ltr'><strong>u.</strong></span> <span class='ocrx_word' id='word_1_278' title='bbox 778 3596 1045 3658; x_wconf 81' lang='lat' dir='ltr'><strong>solennes</strong></span> <span class='ocrx_word' id='word_1_279' title='bbox 1067 3598 1269 3681; x_wconf 84' lang='lat' dir='ltr'><strong>epulas</strong></span> <span class='ocrx_word' id='word_1_280' title='bbox 1306 3600 1586 3673; x_wconf 81' lang='lat' dir='ltr'><strong>invitatis,</strong></span> <span class='ocrx_word' id='word_1_281' title='bbox 1612 3621 1770 3662; x_wconf 90' lang='lat' dir='ltr'><strong>more</strong></span> <span class='ocrx_word' id='word_1_282' title='bbox 1798 3601 1957 3683; x_wconf 84' lang='lat' dir='ltr'><strong>apud</strong></span> <span class='ocrx_word' id='word_1_283' title='bbox 1983 3621 2148 3681; x_wconf 76' lang='lat' dir='ltr'><strong>reges</strong></span> <span class='ocrx_word' id='word_1_284' title='bbox 2170 3601 2406 3673; x_wconf 81' lang='lat' dir='ltr'><strong>usitato,</strong></span> <span class='ocrx_word' id='word_1_285' title='bbox 2433 3621 2667 3663; x_wconf 71' lang='lat' dir='ltr'><strong>eoronoe</strong></span> 
     </span>
     <span class='ocr_line' id='line_1_35' title="bbox 522 3676 2662 3787; baseline 0.002 -33"><span class='ocrx_word' id='word_1_286' title='bbox 522 3676 691 3787; x_wconf 51' lang='lat'>“⁸³⁷⁸</span> <span class='ocrx_word' id='word_1_287' title='bbox 781 3715 973 3756; x_wconf 78' lang='lat' dir='ltr'><strong>aureae</strong></span> <span class='ocrx_word' id='word_1_288' title='bbox 999 3696 1185 3756; x_wconf 82' lang='lat' dir='ltr'><strong>missae</strong></span> <span class='ocrx_word' id='word_1_289' title='bbox 1210 3707 1421 3768; x_wconf 81' lang='lat' dir='ltr'><strong>essent,</strong></span> <span class='ocrx_word' id='word_1_290' title='bbox 1458 3718 1561 3758; x_wconf 81' lang='lat' dir='ltr'><strong>eas</strong></span> <span class='ocrx_word' id='word_1_291' title='bbox 1584 3699 1794 3759; x_wconf 85' lang='lat' dir='ltr'><strong>ominis</strong></span> <span class='ocrx_word' id='word_1_292' title='bbox 1814 3718 1995 3759; x_wconf 82' lang='lat' dir='ltr'><strong>eausa</strong></span> <span class='ocrx_word' id='word_1_293' title='bbox 2019 3706 2312 3780; x_wconf 80' lang='lat' dir='ltr'><strong>aeeeptas,</strong></span> <span class='ocrx_word' id='word_1_294' title='bbox 2339 3708 2516 3759; x_wconf 73' lang='lat' dir='ltr'><strong>nocua</strong></span> <span class='ocrx_word' id='word_1_295' title='bbox 2541 3709 2662 3760; x_wconf 81' lang='lat' dir='ltr'><strong>sta-</strong></span> 
     </span>
     <span class='ocr_line' id='line_1_36' title="bbox 777 3777 2665 3875; baseline 0.002 -22"><span class='ocrx_word' id='word_1_296' title='bbox 777 3793 893 3853; x_wconf 83' lang='lat' dir='ltr'><strong>tuis</strong></span> <span class='ocrx_word' id='word_1_297' title='bbox 917 3794 1067 3873; x_wconf 85' lang='lat' dir='ltr'><strong>regis</strong></span> <span class='ocrx_word' id='word_1_298' title='bbox 1105 3795 1483 3875; x_wconf 57' lang='lat' dir='ltr'><strong>imposuisse)</strong></span> <span class='ocrx_word' id='word_1_299' title='bbox 1564 3793 1816 3856; x_wconf 87' lang='lat' dir='ltr'><strong>Senatus</strong></span> <span class='ocrx_word' id='word_1_300' title='bbox 1854 3804 1917 3856; x_wconf 91' lang='lat' dir='ltr'><strong>et</strong></span> <span class='ocrx_word' id='word_1_301' title='bbox 1955 3816 2222 3857; x_wconf 68' lang='lat' dir='ltr'><strong>sueeeoeu</strong></span> <span class='ocrx_word' id='word_1_302' title='bbox 2248 3777 2580 3875; x_wconf 48' lang='lat' dir='ltr'><strong>lega-&#39;onim</strong></span> <span class='ocrx_word' id='word_1_303' title='bbox 2603 3805 2665 3857; x_wconf 83' lang='lat' dir='ltr'><strong>et</strong></span> 
     </span>
     <span class='ocr_line' id='line_1_37' title="bbox 775 3890 2665 3974; baseline 0.003 -25"><span class='ocrx_word' id='word_1_304' title='bbox 775 3890 1060 3967; x_wconf 82' lang='lat' dir='ltr'><strong>gravitate</strong></span> <span class='ocrx_word' id='word_1_305' title='bbox 1101 3890 1424 3970; x_wconf 80' lang='lat' dir='ltr'><strong>legatorum</strong></span> <span class='ocrx_word' id='word_1_306' title='bbox 1468 3893 1610 3953; x_wconf 91' lang='lat' dir='ltr'><strong>mire</strong></span> <span class='ocrx_word' id='word_1_307' title='bbox 1658 3890 1845 3965; x_wconf 79' lang='lat' dir='ltr'><strong>laetus,</strong></span> <span class='ocrx_word' id='word_1_308' title='bbox 1874 3894 2074 3973; x_wconf 77' lang='lat' dir='ltr'><strong>gratiis</strong></span> <span class='ocrx_word' id='word_1_309' title='bbox 2108 3893 2277 3964; x_wconf 80' lang='lat' dir='ltr'><strong>actis,</strong></span> <span class='ocrx_word' id='word_1_310' title='bbox 2331 3902 2349 3929; x_wconf 85' lang='lat'>‘</span> <span class='ocrx_word' id='word_1_311' title='bbox 2369 3893 2529 3974; x_wconf 88' lang='lat' dir='ltr'><strong>quod</strong></span> <span class='ocrx_word' id='word_1_312' title='bbox 2554 3913 2665 3954; x_wconf 85' lang='lat' dir='ltr'><strong>sna</strong></span> 
     </span>
     <span class='ocr_line' id='line_1_38' title="bbox 773 3985 2661 4071; baseline 0.003 -25"><span class='ocrx_word' id='word_1_313' title='bbox 773 3985 1129 4047; x_wconf 81' lang='lat' dir='ltr'><strong>continentia</strong></span> <span class='ocrx_word' id='word_1_314' title='bbox 1185 4007 1374 4049; x_wconf 84' lang='lat' dir='ltr'><strong>mores</strong></span> <span class='ocrx_word' id='word_1_315' title='bbox 1446 3988 1755 4050; x_wconf 84' lang='lat' dir='ltr'><strong>Romanos</strong></span> <span class='ocrx_word' id='word_1_316' title='bbox 1805 3990 2062 4051; x_wconf 85' lang='lat' dir='ltr'><strong>externis</strong></span> <span class='ocrx_word' id='word_1_317' title='bbox 2119 4009 2354 4071; x_wconf 88' lang='lat' dir='ltr'><strong>quoque</strong></span> <span class='ocrx_word' id='word_1_318' title='bbox 2411 3990 2661 4052; x_wconf 77' lang='lat' dir='ltr'><strong>nationi-</strong></span> 
     </span>
     <span class='ocr_line' id='line_1_39' title="bbox 447 4080 2659 4166; baseline 0.001 -22"><span class='ocrx_word' id='word_1_319' title='bbox 447 4095 612 4145; x_wconf 75' lang='lat' dir='ltr'><strong>zonnr.</strong></span> <span class='ocrx_word' id='word_1_320' title='bbox 775 4080 884 4140; x_wconf 87' lang='lat' dir='ltr'><strong>bus</strong></span> <span class='ocrx_word' id='word_1_321' title='bbox 907 4083 1269 4145; x_wconf 82' lang='lat' dir='ltr'><strong>venerabiles</strong></span> <span class='ocrx_word' id='word_1_322' title='bbox 1291 4083 1712 4158; x_wconf 73' lang='lat' dir='ltr'><strong>reddidissent:</strong></span> <span class='ocrx_word' id='word_1_323' title='bbox 1737 4086 1960 4147; x_wconf 81' lang='lat' dir='ltr'><strong>restitui</strong></span> <span class='ocrx_word' id='word_1_324' title='bbox 1984 4105 2244 4158; x_wconf 90' lang='lat' dir='ltr'><strong>munera,</strong></span> <span class='ocrx_word' id='word_1_325' title='bbox 2270 4105 2404 4166; x_wconf 78' lang='lat' dir='ltr'><strong>quae</strong></span> <span class='ocrx_word' id='word_1_326' title='bbox 2427 4088 2485 4146; x_wconf 93' lang='lat' dir='ltr'><strong>in</strong></span> <span class='ocrx_word' id='word_1_327' title='bbox 2511 4106 2659 4147; x_wconf 66' lang='lat' dir='ltr'><strong>aera·</strong></span> 
     </span>
    </p>
   </div>
   <div class='ocr_carea' id='block_1_5' title="bbox 450 4159 2660 4264">
    <p class='ocr_par' dir='ltr' id='par_1_10' title="bbox 450 4159 2660 4264">
     <span class='ocr_line' id='line_1_40' title="bbox 450 4159 2660 4264; baseline 0.012 -33"><span class='ocrx_word' id='word_1_328' title='bbox 450 4161 562 4210; x_wconf 58' lang='lat'>¹²⁸¹·</span> <span class='ocrx_word' id='word_1_329' title='bbox 581 4159 718 4211; x_wconf 56' lang='grc' dir='ltr'><strong>ΜΨ</strong></span> <span class='ocrx_word' id='word_1_330' title='bbox 773 4176 917 4240; x_wconf 86' lang='lat' dir='ltr'><strong>rium</strong></span> <span class='ocrx_word' id='word_1_331' title='bbox 939 4177 1291 4255; x_wconf 81' lang='lat' dir='ltr'><strong>detulerant,</strong></span> <span class='ocrx_word' id='word_1_332' title='bbox 1319 4185 1617 4264; x_wconf 77' lang='lat' dir='ltr'><strong>praeeepit.</strong></span> <span class='ocrx_word' id='word_1_333' title='bbox 1700 4182 1997 4246; x_wconf 85' lang='lat' dir='ltr'><strong>Continuo</strong></span> <span class='ocrx_word' id='word_1_334' title='bbox 2023 4182 2292 4264; x_wconf 72' lang='lat' dir='ltr'><strong>populus,</strong></span> <span class='ocrx_word' id='word_1_335' title='bbox 2316 4183 2399 4244; x_wconf 66' lang='lat' dir='ltr'><strong>ita</strong></span> <span class='ocrx_word' id='word_1_336' title='bbox 2421 4181 2660 4244; x_wconf 66' lang='lat' dir='ltr'><strong>demum</strong></span> 
     </span>
    </p>
   </div>
   <div class='ocr_carea' id='block_1_6' title="bbox 483 3607 600 3786">
    <p class='ocr_par' dir='ltr' id='par_1_11' title="bbox 483 3607 600 3786">
     <span class='ocr_line' id='line_1_41' title="bbox 483 3607 600 3658; baseline 0 -2"><span class='ocrx_word' id='word_1_337' title='bbox 483 3607 600 3658; x_wconf 82' lang='lat' dir='ltr'><strong>Tac.</strong></span> 
     </span>
     <span class='ocr_line' id='line_1_42' title="bbox 505 3687 588 3748; baseline -0.012 -27"><span class='ocrx_word' id='word_1_338' title='bbox 505 3687 588 3748; x_wconf 58' lang='lat' dir='ltr'><strong>nn:</strong></span> 
     </span>
     <span class='ocr_line' id='line_1_43' title="bbox 493 3755 519 3786; baseline 0 0"><span class='ocrx_word' id='word_1_339' title='bbox 493 3755 519 3786; x_wconf 86' lang='lat' dir='ltr'><strong>u</strong></span> 
     </span>
    </p>
   </div>
   <div class='ocr_carea' id='block_1_7' title="bbox 454 3672 502 3786">
    <p class='ocr_par' dir='ltr' id='par_1_12' title="bbox 454 3672 502 3786">
     <span class='ocr_line' id='line_1_44' title="bbox 455 3672 502 3721; baseline 0 0"><span class='ocrx_word' id='word_1_340' title='bbox 455 3672 502 3721; x_wconf 82' lang='lat' dir='ltr'>A</span> 
     </span>
     <span class='ocr_line' id='line_1_45' title="bbox 454 3737 486 3786; baseline 0 0"><span class='ocrx_word' id='word_1_341' title='bbox 454 3737 486 3786; x_wconf 85' lang='lat' dir='ltr'>J</span> 
     </span>
    </p>
   </div>
  </div>
 </body>
</html>
