<?xml version="1.0" encoding="UTF-8"?>
<!DOCTYPE html PUBLIC "-//W3C//DTD XHTML 1.0 Transitional//EN"
    "http://www.w3.org/TR/xhtml1/DTD/xhtml1-transitional.dtd">
<html xmlns="http://www.w3.org/1999/xhtml" xml:lang="en" lang="en">
 <head>
  <title>
</title>
<meta http-equiv="Content-Type" content="text/html;charset=utf-8" />
  <meta name='ocr-system' content='tesseract 3.04.00' />
  <meta name='ocr-capabilities' content='ocr_page ocr_carea ocr_par ocr_line ocrx_word'/>
</head>
<body>
  <div class='ocr_page' id='page_1' title='image "./tliviipatavinih04unkngoog_0447.png"; bbox 0 0 3025 4892; ppageno 0'>
   <div class='ocr_carea' id='block_1_1' title="bbox 986 375 2467 449">
    <p class='ocr_par' dir='ltr' id='par_1_1' title="bbox 986 375 2467 449">
     <span class='ocr_line' id='line_1_1' title="bbox 986 375 2467 449; baseline 0.007 -11"><span class='ocrx_word' id='word_1_1' title='bbox 986 391 1132 439; x_wconf 77' lang='lat' dir='ltr'><strong>mn.</strong></span> <span class='ocrx_word' id='word_1_2' title='bbox 1180 390 1384 441; x_wconf 81' lang='lat' dir='ltr'><strong>x-xu.</strong></span> <span class='ocrx_word' id='word_1_3' title='bbox 1431 392 1597 442; x_wconf 75' lang='lat' dir='ltr'><strong>cAP.</strong></span> <span class='ocrx_word' id='word_1_4' title='bbox 1642 375 1748 442; x_wconf 82' lang='lat'><strong>33.</strong></span> <span class='ocrx_word' id='word_1_5' title='bbox 2294 378 2467 449; x_wconf 75' lang='lat'>1827</span> 
     </span>
    </p>
   </div>
   <div class='ocr_carea' id='block_1_2' title="bbox 241 536 2464 2477">
    <p class='ocr_par' dir='ltr' id='par_1_2' title="bbox 250 536 2464 1859">
     <span class='ocr_line' id='line_1_2' title="bbox 269 536 2464 626; baseline 0.003 -23"><span class='ocrx_word' id='word_1_6' title='bbox 269 538 476 604; x_wconf 79' lang='lat' dir='ltr'><strong>verba</strong></span> <span class='ocrx_word' id='word_1_7' title='bbox 512 536 714 614; x_wconf 83' lang='lat' dir='ltr'><strong>facta,</strong></span> <span class='ocrx_word' id='word_1_8' title='bbox 759 541 833 603; x_wconf 92' lang='lat' dir='ltr'><strong>ut</strong></span> <span class='ocrx_word' id='word_1_9' title='bbox 874 536 1199 603; x_wconf 82' lang='lat' dir='ltr'>dicerent:</span> <span class='ocrx_word' id='word_1_10' title='bbox 1245 540 1269 572; x_wconf 85' lang='lat'><em>‘</em></span> <span class='ocrx_word' id='word_1_11' title='bbox 1297 536 1486 603; x_wconf 89' lang='lat' dir='ltr'><strong>Scire</strong></span> <span class='ocrx_word' id='word_1_12' title='bbox 1518 544 1647 617; x_wconf 80' lang='lat' dir='ltr'><strong>se,5</strong></span> <span class='ocrx_word' id='word_1_13' title='bbox 1696 536 1982 604; x_wconf 87' lang='lat' dir='ltr'><strong>Romani</strong></span> <span class='ocrx_word' id='word_1_14' title='bbox 2026 542 2262 626; x_wconf 84' lang='lat' dir='ltr'><strong>populi</strong></span> <span class='ocrx_word' id='word_1_15' title='bbox 2297 562 2464 609; x_wconf 73' lang='lat' dir='ltr'><strong>aera-</strong></span> 
     </span>
     <span class='ocr_line' id='line_1_3' title="bbox 267 638 2460 728; baseline 0.002 -23"><span class='ocrx_word' id='word_1_16' title='bbox 267 641 441 706; x_wconf 88' lang='lat' dir='ltr'><strong>rium</strong></span> <span class='ocrx_word' id='word_1_17' title='bbox 474 640 650 705; x_wconf 91' lang='lat' dir='ltr'><strong>bello</strong></span> <span class='ocrx_word' id='word_1_18' title='bbox 677 640 1052 706; x_wconf 80' lang='lat' dir='ltr'><strong>exhauriri:</strong></span> <span class='ocrx_word' id='word_1_19' title='bbox 1100 646 1185 718; x_wconf 90' lang='lat' dir='ltr'><strong>et,</strong></span> <span class='ocrx_word' id='word_1_20' title='bbox 1215 638 1410 704; x_wconf 89' lang='lat' dir='ltr'><strong>cum⁶</strong></span> <span class='ocrx_word' id='word_1_21' title='bbox 1443 639 1656 725; x_wconf 82' lang='lat' dir='ltr'><strong>juxta</strong></span> <span class='ocrx_word' id='word_1_22' title='bbox 1684 660 1806 724; x_wconf 87' lang='lat' dir='ltr'><strong>pro</strong></span> <span class='ocrx_word' id='word_1_23' title='bbox 1850 642 2122 707; x_wconf 84' lang='lat' dir='ltr'>urbibus</span> <span class='ocrx_word' id='word_1_24' title='bbox 2151 645 2460 728; x_wconf 85' lang='lat' dir='ltr'><strong>agrisque</strong></span> 
     </span>
     <span class='ocr_line' id='line_1_4' title="bbox 267 743 2459 828; baseline 0.002 -21"><span class='ocrx_word' id='word_1_25' title='bbox 267 744 626 821; x_wconf 83' lang='lat' dir='ltr'><strong>sociorum,</strong></span> <span class='ocrx_word' id='word_1_26' title='bbox 672 763 754 809; x_wconf 92' lang='lat' dir='ltr'><strong>ac</strong></span> <span class='ocrx_word' id='word_1_27' title='bbox 795 763 919 828; x_wconf 90' lang='lat' dir='ltr'><strong>pro</strong></span> <span class='ocrx_word' id='word_1_28' title='bbox 962 745 1183 827; x_wconf 87' lang='lat' dir='ltr'><strong>capite</strong></span> <span class='ocrx_word' id='word_1_29' title='bbox 1228 750 1456 828; x_wconf 83' lang='lat' dir='ltr'><strong>atque&#39;</strong></span> <span class='ocrx_word' id='word_1_30' title='bbox 1482 763 1638 809; x_wconf 88' lang='lat' dir='ltr'><strong>arce</strong></span> <span class='ocrx_word' id='word_1_31' title='bbox 1684 743 1926 817; x_wconf 77' lang='lat' dir='ltr'><strong>Italiae,</strong></span> <span class='ocrx_word' id='word_1_32' title='bbox 1957 746 2115 810; x_wconf 87' lang='lat' dir='ltr'><strong>urbe</strong></span> <span class='ocrx_word' id='word_1_33' title='bbox 2143 746 2459 814; x_wconf 84' lang='lat' dir='ltr'><strong>Romana</strong></span> 
     </span>
     <span class='ocr_line' id='line_1_5' title="bbox 265 845 2456 931; baseline 0.002 -23"><span class='ocrx_word' id='word_1_34' title='bbox 265 852 476 930; x_wconf 87' lang='lat' dir='ltr'><strong>atque</strong></span> <span class='ocrx_word' id='word_1_35' title='bbox 535 846 816 931; x_wconf 86' lang='lat' dir='ltr'><strong>imperio</strong></span> <span class='ocrx_word' id='word_1_36' title='bbox 877 855 1162 930; x_wconf 77' lang='lat' dir='ltr'><strong>geratur,</strong></span> <span class='ocrx_word' id='word_1_37' title='bbox 1211 866 1477 930; x_wconf 83' lang='lat' dir='ltr'><strong>aequum</strong></span> <span class='ocrx_word' id='word_1_38' title='bbox 1538 847 1885 912; x_wconf 86' lang='lat' dir='ltr'><strong>censuisse</strong></span> <span class='ocrx_word' id='word_1_39' title='bbox 1939 845 2456 930; x_wconf 47' lang='lat' dir='ltr'><strong>Neapolitano&amp;</strong></span> 
     </span>
     <span class='ocr_line' id='line_1_6' title="bbox 262 947 2452 1032; baseline 0.002 -21"><span class='ocrx_word' id='word_1_40' title='bbox 262 949 455 1030; x_wconf 88' lang='lat' dir='ltr'><strong>quod</strong></span> <span class='ocrx_word' id='word_1_41' title='bbox 485 950 629 1014; x_wconf 88' lang='lat' dir='ltr'><strong>auri</strong></span> <span class='ocrx_word' id='word_1_42' title='bbox 660 950 792 1014; x_wconf 81' lang='lat' dir='ltr'><strong>sibi</strong></span> <span class='ocrx_word' id='word_1_43' title='bbox 821 968 975 1014; x_wconf 92' lang='lat' dir='ltr'><strong>cum</strong></span> <span class='ocrx_word' id='word_1_44' title='bbox 1005 947 1091 1012; x_wconf 85' lang='lat' dir='ltr'><strong>ad</strong></span> <span class='ocrx_word' id='word_1_45' title='bbox 1123 949 1526 1032; x_wconf 84' lang='lat' dir='ltr'><strong>templorum</strong></span> <span class='ocrx_word' id='word_1_46' title='bbox 1558 957 1913 1026; x_wconf 86' lang='lat' dir='ltr'><strong>ornatum,⁷</strong></span> <span class='ocrx_word' id='word_1_47' title='bbox 1946 957 2088 1014; x_wconf 90' lang='lat' dir='ltr'><strong>tum</strong></span> <span class='ocrx_word' id='word_1_48' title='bbox 2119 951 2207 1015; x_wconf 89' lang='lat' dir='ltr'><strong>ad</strong></span> <span class='ocrx_word' id='word_1_49' title='bbox 2239 952 2452 1016; x_wconf 82' lang='lat' dir='ltr'><strong>subsi-</strong></span> 
     </span>
     <span class='ocr_line' id='line_1_7' title="bbox 262 1049 2452 1140; baseline 0.003 -27"><span class='ocrx_word' id='word_1_50' title='bbox 262 1049 447 1114; x_wconf 87' lang='lat' dir='ltr'>dium</span> <span class='ocrx_word' id='word_1_51' title='bbox 477 1051 761 1117; x_wconf 82' lang='lat' dir='ltr'><strong>fortunae</strong></span> <span class='ocrx_word' id='word_1_52' title='bbox 791 1072 834 1117; x_wconf 88' lang='lat' dir='ltr'><strong>a</strong></span> <span class='ocrx_word' id='word_1_53' title='bbox 862 1050 1228 1136; x_wconf 86' lang='lat' dir='ltr'><strong>majoribus</strong></span> <span class='ocrx_word' id='word_1_54' title='bbox 1268 1052 1570 1116; x_wconf 86' lang='lat' dir='ltr'><strong>relictum</strong></span> <span class='ocrx_word' id='word_1_55' title='bbox 1615 1052 1809 1133; x_wconf 87' lang='lat' dir='ltr'><strong>foret,</strong></span> <span class='ocrx_word' id='word_1_56' title='bbox 1850 1071 1941 1140; x_wconf 40' lang='lat' dir='ltr'><strong>eo,</strong></span> <span class='ocrx_word' id='word_1_57' title='bbox 1962 1053 2204 1138; x_wconf 88' lang='lat' dir='ltr'><strong>juvare</strong></span> <span class='ocrx_word' id='word_1_58' title='bbox 2234 1074 2452 1139; x_wconf 86' lang='lat' dir='ltr'><strong>popu-</strong></span> 
     </span>
     <span class='ocr_line' id='line_1_8' title="bbox 257 1151 2450 1240; baseline 0.002 -24"><span class='ocrx_word' id='word_1_59' title='bbox 257 1151 398 1217; x_wconf 85' lang='lat' dir='ltr'><strong>lum</strong></span> <span class='ocrx_word' id='word_1_60' title='bbox 429 1152 837 1220; x_wconf 81' lang='lat' dir='ltr'><strong>Romanurn.</strong></span> <span class='ocrx_word' id='word_1_61' title='bbox 925 1155 1000 1220; x_wconf 90' lang='lat' dir='ltr'><strong>Si</strong></span> <span class='ocrx_word' id='word_1_62' title='bbox 1031 1173 1231 1240; x_wconf 87' lang='lat' dir='ltr'><strong>quam</strong></span> <span class='ocrx_word' id='word_1_63' title='bbox 1263 1154 1501 1239; x_wconf 81' lang='lat' dir='ltr'><strong>opem⁸</strong></span> <span class='ocrx_word' id='word_1_64' title='bbox 1533 1155 1601 1218; x_wconf 91' lang='lat' dir='ltr'><strong>in</strong></span> <span class='ocrx_word' id='word_1_65' title='bbox 1642 1173 1788 1221; x_wconf 80' lang='lat' dir='ltr'><strong>sese</strong></span> <span class='ocrx_word' id='word_1_66' title='bbox 1816 1156 2177 1234; x_wconf 88' lang='lat' dir='ltr'><strong>crederent,</strong></span> <span class='ocrx_word' id='word_1_67' title='bbox 2208 1157 2450 1223; x_wconf 88' lang='lat' dir='ltr'><strong>eodem</strong></span> 
     </span>
     <span class='ocr_line' id='line_1_9' title="bbox 258 1255 2447 1345; baseline 0.003 -27"><span class='ocrx_word' id='word_1_68' title='bbox 258 1256 490 1321; x_wconf 87' lang='lat' dir='ltr'><strong>studio</strong></span> <span class='ocrx_word' id='word_1_69' title='bbox 518 1258 729 1323; x_wconf 80' lang='lat' dir='ltr'><strong>fuisse</strong></span> <span class='ocrx_word' id='word_1_70' title='bbox 757 1259 1119 1324; x_wconf 87' lang='lat' dir='ltr'><strong>oblaturos.</strong></span> <span class='ocrx_word' id='word_1_71' title='bbox 1206 1255 1485 1323; x_wconf 80' lang='lat' dir='ltr'><strong>Gratum</strong></span> <span class='ocrx_word' id='word_1_72' title='bbox 1525 1258 1655 1322; x_wconf 88' lang='lat' dir='ltr'><strong>sibi</strong></span> <span class='ocrx_word' id='word_1_73' title='bbox 1689 1257 1921 1322; x_wconf 86' lang='lat' dir='ltr'><strong>Patres</strong></span> <span class='ocrx_word' id='word_1_74' title='bbox 1954 1257 2300 1325; x_wconf 82' lang='lat' dir='ltr'><strong>Romanos</strong></span> <span class='ocrx_word' id='word_1_75' title='bbox 2328 1280 2447 1345; x_wconf 88' lang='lat' dir='ltr'><strong>po-</strong></span> 
     </span>
     <span class='ocr_line' id='line_1_10' title="bbox 257 1357 2447 1444; baseline 0.003 -24"><span class='ocrx_word' id='word_1_76' title='bbox 257 1357 624 1443; x_wconf 89' lang='lat' dir='ltr'><strong>pulumque</strong></span> <span class='ocrx_word' id='word_1_77' title='bbox 674 1363 1026 1439; x_wconf 82' lang='lat' dir='ltr'><strong>facturum,</strong></span> <span class='ocrx_word' id='word_1_78' title='bbox 1081 1359 1141 1423; x_wconf 89' lang='lat' dir='ltr'><strong>si</strong></span> <span class='ocrx_word' id='word_1_79' title='bbox 1191 1379 1420 1425; x_wconf 78' lang='lat' dir='ltr'><strong>omnes</strong></span> <span class='ocrx_word' id='word_1_80' title='bbox 1465 1379 1577 1424; x_wconf 81' lang='lat' dir='ltr'><strong>res</strong></span> <span class='ocrx_word' id='word_1_81' title='bbox 1637 1360 2240 1444; x_wconf 77' lang='lat' dir='ltr'><strong>Neapolitanorum</strong></span> <span class='ocrx_word' id='word_1_82' title='bbox 2286 1381 2447 1428; x_wconf 80' lang='lat' dir='ltr'><strong>suas</strong></span> 
     </span>
     <span class='ocr_line' id='line_1_11' title="bbox 255 1460 2444 1548; baseline 0.003 -24"><span class='ocrx_word' id='word_1_83' title='bbox 255 1460 651 1545; x_wconf 82' lang='lat' dir='ltr'><strong>duxissent3</strong></span> <span class='ocrx_word' id='word_1_84' title='bbox 698 1463 1065 1548; x_wconf 77' lang='lat' dir='ltr'><strong>dignosque</strong></span> <span class='ocrx_word' id='word_1_85' title='bbox 1099 1462 1563 1546; x_wconf 89' lang='lat' dir='ltr'><strong>judicaverint,</strong></span> <span class='ocrx_word' id='word_1_86' title='bbox 1596 1463 1684 1528; x_wconf 89' lang='lat' dir='ltr'><strong>ab</strong></span> <span class='ocrx_word' id='word_1_87' title='bbox 1715 1464 1955 1548; x_wconf 82' lang='lat' dir='ltr'><strong>quibus</strong></span> <span class='ocrx_word' id='word_1_88' title='bbox 1998 1463 2270 1546; x_wconf 89' lang='lat' dir='ltr'><strong>donum,</strong></span> <span class='ocrx_word' id='word_1_89' title='bbox 2301 1467 2444 1530; x_wconf 86' lang='lat' dir='ltr'><strong>ani-</strong></span> 
     </span>
     <span class='ocr_line' id='line_1_12' title="bbox 252 1563 2443 1653; baseline 0.003 -26"><span class='ocrx_word' id='word_1_90' title='bbox 252 1581 362 1628; x_wconf 90' lang='lat' dir='ltr'><strong>mo</strong></span> <span class='ocrx_word' id='word_1_91' title='bbox 386 1583 470 1629; x_wconf 87' lang='lat' dir='ltr'><strong>ac</strong></span> <span class='ocrx_word' id='word_1_92' title='bbox 493 1567 827 1632; x_wconf 85' lang='lat' dir='ltr'><strong>voluntate</strong></span> <span class='ocrx_word' id='word_1_93' title='bbox 847 1563 860 1601; x_wconf 69' lang='lat'><em>³</em></span> <span class='ocrx_word' id='word_1_94' title='bbox 888 1585 1144 1644; x_wconf 88' lang='lat' dir='ltr'><strong>eornm,</strong></span> <span class='ocrx_word' id='word_1_95' title='bbox 1167 1565 1286 1650; x_wconf 89' lang='lat' dir='ltr'><strong>qui</strong></span> <span class='ocrx_word' id='word_1_96' title='bbox 1306 1565 1593 1631; x_wconf 79' lang='lat' dir='ltr'><strong>libentes</strong></span> <span class='ocrx_word' id='word_1_97' title='bbox 1614 1564 1866 1645; x_wconf 88' lang='lat' dir='ltr'><strong>darent,</strong></span> <span class='ocrx_word' id='word_1_98' title='bbox 1888 1586 2090 1650; x_wconf 89' lang='lat' dir='ltr'><strong>quam</strong></span> <span class='ocrx_word' id='word_1_99' title='bbox 2107 1587 2203 1645; x_wconf 89' lang='lat' dir='ltr'><strong>re,</strong></span> <span class='ocrx_word' id='word_1_100' title='bbox 2225 1569 2443 1653; x_wconf 76' lang='lat' dir='ltr'><strong>majus</strong></span> 
     </span>
     <span class='ocr_line' id='line_1_13' title="bbox 250 1667 2440 1754; baseline 0.003 -23"><span class='ocrx_word' id='word_1_101' title='bbox 250 1668 699 1754; x_wconf 82' lang='lat' dir='ltr'><strong>ampliusque,</strong></span> <span class='ocrx_word' id='word_1_102' title='bbox 732 1667 1153 1754; x_wconf 65' lang='lat' dir='ltr'><strong>acciperent!</strong></span> <span class='ocrx_word' id='word_1_103' title='bbox 1238 1668 1512 1751; x_wconf 81' lang='lat' dir='ltr'><strong>Legatis</strong></span> <span class='ocrx_word' id='word_1_104' title='bbox 1561 1669 1797 1752; x_wconf 82' lang='lat' dir='ltr'><strong>gratiae</strong></span> <span class='ocrx_word' id='word_1_105' title='bbox 1835 1676 2007 1735; x_wconf 75' lang='lat' dir='ltr'><strong>actae</strong></span> <span class='ocrx_word' id='word_1_106' title='bbox 2038 1691 2153 1754; x_wconf 86' lang='lat' dir='ltr'><strong>pro</strong></span> <span class='ocrx_word' id='word_1_107' title='bbox 2185 1674 2440 1737; x_wconf 85' lang='lat' dir='ltr'><strong>munifi·</strong></span> 
     </span>
     <span class='ocr_line' id='line_1_14' title="bbox 250 1769 2437 1859; baseline 0.002 -23"><span class='ocrx_word' id='word_1_108' title='bbox 250 1771 472 1837; x_wconf 85' lang='lat' dir='ltr'><strong>centia</strong></span> <span class='ocrx_word' id='word_1_109' title='bbox 500 1792 816 1858; x_wconf 87' lang='lat' dir='ltr'><strong>curaque.</strong></span> <span class='ocrx_word' id='word_1_110' title='bbox 851 1772 1118 1851; x_wconf 88' lang='lat' dir='ltr'><strong>Patera,</strong></span> <span class='ocrx_word' id='word_1_111' title='bbox 1139 1792 1289 1856; x_wconf 82' lang='lat' dir='ltr'><strong>quae</strong></span> <span class='ocrx_word' id='word_1_112' title='bbox 1311 1772 1629 1855; x_wconf 88' lang='lat' dir='ltr'><strong>ponderis</strong></span> <span class='ocrx_word' id='word_1_113' title='bbox 1649 1769 1943 1839; x_wconf 80' lang='lat' dir='ltr'><strong>minimik</strong></span> <span class='ocrx_word' id='word_1_114' title='bbox 1967 1774 2107 1853; x_wconf 85' lang='lat' dir='ltr'><strong>fuit,</strong></span> <span class='ocrx_word' id='word_1_115' title='bbox 2133 1784 2437 1859; x_wconf 80' lang='lat' dir='ltr'><strong>accepta.</strong></span> 
     </span>
    </p>

    <p class='ocr_par' dir='ltr' id='par_1_3' title="bbox 241 1873 2440 2477">
     <span class='ocr_line' id='line_1_15' title="bbox 327 1873 2440 1964; baseline 0.004 -26"><span class='ocrx_word' id='word_1_116' title='bbox 327 1873 440 1938; x_wconf 84' lang='lat'><strong>33.</strong></span> <span class='ocrx_word' id='word_1_117' title='bbox 488 1874 624 1939; x_wconf 87' lang='lat' dir='ltr'><strong>Per</strong></span> <span class='ocrx_word' id='word_1_118' title='bbox 666 1876 932 1942; x_wconf 87' lang='lat' dir='ltr'><strong>eosdem</strong></span> <span class='ocrx_word' id='word_1_119' title='bbox 973 1875 1118 1940; x_wconf 86' lang='lat' dir='ltr'><strong>dies</strong></span> <span class='ocrx_word' id='word_1_120' title='bbox 1158 1876 1536 1960; x_wconf 80' lang='lat' dir='ltr'><strong>speculator</strong></span> <span class='ocrx_word' id='word_1_121' title='bbox 1566 1874 2150 1960; x_wconf 78' lang='lat' dir='ltr'><strong>Carthaginiensis,</strong></span> <span class='ocrx_word' id='word_1_122' title='bbox 2176 1880 2289 1962; x_wconf 89' lang='lat' dir='ltr'><strong>qui</strong></span> <span class='ocrx_word' id='word_1_123' title='bbox 2321 1899 2440 1964; x_wconf 85' lang='lat' dir='ltr'><strong>per</strong></span> 
     </span>
     <span class='ocr_line' id='line_1_16' title="bbox 246 1976 2435 2065; baseline 0.004 -25"><span class='ocrx_word' id='word_1_124' title='bbox 246 1976 591 2043; x_wconf 89' lang='lat' dir='ltr'><strong>biennium</strong></span> <span class='ocrx_word' id='word_1_125' title='bbox 620 1979 975 2058; x_wconf 80' lang='lat' dir='ltr'><strong>fefellerat,</strong></span> <span class='ocrx_word' id='word_1_126' title='bbox 1000 1978 1242 2045; x_wconf 83' lang='lat' dir='ltr'><strong>Romae</strong></span> <span class='ocrx_word' id='word_1_127' title='bbox 1264 1979 1737 2062; x_wconf 63' lang='lat' dir='ltr'><strong>deprehensus»,</strong></span> <span class='ocrx_word' id='word_1_128' title='bbox 1763 1980 2201 2065; x_wconf 75' lang='lat' dir='ltr'><strong>praecisisque</strong></span> <span class='ocrx_word' id='word_1_129' title='bbox 2229 1984 2435 2048; x_wconf 87' lang='lat' dir='ltr'><strong>mani·</strong></span> 
     </span>
     <span class='ocr_line' id='line_1_17' title="bbox 244 2080 2433 2168; baseline 0.003 -24"><span class='ocrx_word' id='word_1_130' title='bbox 244 2080 370 2145; x_wconf 84' lang='lat' dir='ltr'><strong>bus</strong></span> <span class='ocrx_word' id='word_1_131' title='bbox 418 2081 780 2147; x_wconf 82' lang='lat' dir='ltr'><strong>dimissus:</strong></span> <span class='ocrx_word' id='word_1_132' title='bbox 825 2090 893 2149; x_wconf 93' lang='lat' dir='ltr'><strong>et</strong></span> <span class='ocrx_word' id='word_1_133' title='bbox 930 2083 1108 2148; x_wconf 82' lang='lat' dir='ltr'><strong>servi</strong></span> <span class='ocrx_word' id='word_1_134' title='bbox 1149 2083 1447 2168; x_wconf 90' lang='lat' dir='ltr'><strong>quinque</strong></span> <span class='ocrx_word' id='word_1_135' title='bbox 1485 2089 1557 2148; x_wconf 90' lang='lat' dir='ltr'><strong>et</strong></span> <span class='ocrx_word' id='word_1_136' title='bbox 1597 2084 1829 2167; x_wconf 86' lang='lat' dir='ltr'><strong>viginti</strong></span> <span class='ocrx_word' id='word_1_137' title='bbox 1868 2085 1935 2148; x_wconf 89' lang='lat' dir='ltr'><strong>in</strong></span> <span class='ocrx_word' id='word_1_138' title='bbox 1978 2103 2241 2149; x_wconf 89' lang='lat' dir='ltr'><strong>crucem</strong></span> <span class='ocrx_word' id='word_1_139' title='bbox 2272 2087 2433 2165; x_wconf 85' lang='lat' dir='ltr'><strong>acti,</strong></span> 
     </span>
     <span class='ocr_line' id='line_1_18' title="bbox 245 2184 2431 2270; baseline 0.002 -22"><span class='ocrx_word' id='word_1_140' title='bbox 245 2184 429 2265; x_wconf 86' lang='lat' dir='ltr'><strong>quod</strong></span> <span class='ocrx_word' id='word_1_141' title='bbox 470 2185 542 2249; x_wconf 89' lang='lat' dir='ltr'><strong>in</strong></span> <span class='ocrx_word' id='word_1_142' title='bbox 572 2204 816 2270; x_wconf 87' lang='lat' dir='ltr'><strong>campo</strong></span> <span class='ocrx_word' id='word_1_143' title='bbox 848 2185 1104 2251; x_wconf 87' lang='lat' dir='ltr'><strong>Martio</strong></span> <span class='ocrx_word' id='word_1_144' title='bbox 1144 2184 1633 2269; x_wconf 82' lang='lat' dir='ltr'><strong>conjurassent.</strong></span> <span class='ocrx_word' id='word_1_145' title='bbox 1723 2185 1942 2252; x_wconf 89' lang='lat' dir='ltr'><strong>Indici</strong></span> <span class='ocrx_word' id='word_1_146' title='bbox 1969 2186 2128 2251; x_wconf 88' lang='lat' dir='ltr'><strong>data</strong></span> <span class='ocrx_word' id='word_1_147' title='bbox 2161 2187 2431 2253; x_wconf 85' lang='lat' dir='ltr'><strong>libertas</strong></span> 
     </span>
     <span class='ocr_line' id='line_1_19' title="bbox 241 2286 2429 2372; baseline 0.003 -24"><span class='ocrx_word' id='word_1_148' title='bbox 241 2291 326 2370; x_wconf 62' lang='lat' dir='ltr'><strong>et⁴</strong></span> <span class='ocrx_word' id='word_1_149' title='bbox 352 2287 515 2352; x_wconf 80' lang='lat' dir='ltr'><strong>aeris</strong></span> <span class='ocrx_word' id='word_1_150' title='bbox 569 2290 790 2371; x_wconf 84' lang='lat' dir='ltr'><strong>gravis</strong></span> <span class='ocrx_word' id='word_1_151' title='bbox 839 2290 1068 2372; x_wconf 85' lang='lat' dir='ltr'><strong>viginti</strong></span> <span class='ocrx_word' id='word_1_152' title='bbox 1110 2286 1356 2354; x_wconf 74' lang='lat' dir='ltr'><strong>millia-¹</strong></span> <span class='ocrx_word' id='word_1_153' title='bbox 1445 2289 1685 2371; x_wconf 84' lang='lat' dir='ltr'><strong>Legati</strong></span> <span class='ocrx_word' id='word_1_154' title='bbox 1730 2295 1800 2354; x_wconf 94' lang='lat' dir='ltr'><strong>et</strong></span> <span class='ocrx_word' id='word_1_155' title='bbox 1845 2288 1932 2353; x_wconf 89' lang='lat' dir='ltr'><strong>ad</strong></span> <span class='ocrx_word' id='word_1_156' title='bbox 1978 2287 2429 2372; x_wconf 75' lang='lat' dir='ltr'><strong>Philippum¹¹¹</strong></span> 
     </span>
     <span class='ocr_line' id='line_1_20' title="bbox 243 2385 2429 2477; baseline 0.001 -24"><span class='ocrx_word' id='word_1_157' title='bbox 243 2385 704 2456; x_wconf 82' lang='lat' dir='ltr'><strong>Macedonum</strong></span> <span class='ocrx_word' id='word_1_158' title='bbox 737 2412 985 2477; x_wconf 74' lang='lat' dir='ltr'><strong>-regem</strong></span> <span class='ocrx_word' id='word_1_159' title='bbox 1029 2392 1246 2458; x_wconf 78' lang='lat' dir='ltr'><strong>missi</strong></span> <span class='ocrx_word' id='word_1_160' title='bbox 1309 2391 1394 2457; x_wconf 87' lang='lat' dir='ltr'><strong>ad</strong></span> <span class='ocrx_word' id='word_1_161' title='bbox 1456 2387 1953 2476; x_wconf 87' lang='lat' dir='ltr'><strong>deposcendum</strong></span> <span class='ocrx_word' id='word_1_162' title='bbox 2004 2390 2429 2456; x_wconf 85' lang='lat' dir='ltr'><strong>Demetrium</strong></span> 
     </span>
    </p>
   </div>
   <div class='ocr_carea' id='block_1_3' title="bbox 1157 2573 1513 2597">
    <p class='ocr_par' dir='ltr' id='par_1_4' title="bbox 1157 2573 1513 2597">
     <span class='ocr_line' id='line_1_21' title="bbox 1157 2573 1513 2597; baseline 0 -1"><span class='ocrx_word' id='word_1_163' title='bbox 1157 2574 1303 2597; x_wconf 60' lang='lat'><em>‘0000</em></span> <span class='ocrx_word' id='word_1_164' title='bbox 1308 2573 1513 2596; x_wconf 66' lang='lat' dir='ltr'><strong>OOmOO</strong></span> 
     </span>
    </p>
   </div>
   <div class='ocr_carea' id='block_1_4' title="bbox 229 2687 2425 2937">
    <p class='ocr_par' dir='ltr' id='par_1_5' title="bbox 229 2687 2425 2937">
     <span class='ocr_line' id='line_1_22' title="bbox 229 2687 2425 2757; baseline 0.002 -21"><span class='ocrx_word' id='word_1_165' title='bbox 229 2691 261 2737; x_wconf 78' lang='lat'><strong><em>5</em></strong></span> <span class='ocrx_word' id='word_1_166' title='bbox 281 2687 365 2738; x_wconf 85' lang='lat' dir='ltr'><strong>Al.</strong></span> <span class='ocrx_word' id='word_1_167' title='bbox 386 2695 559 2740; x_wconf 75' lang='lat' dir='ltr'><strong>se.—6</strong></span> <span class='ocrx_word' id='word_1_168' title='bbox 580 2690 686 2742; x_wconf 86' lang='lat' dir='ltr'><strong>Pro</strong></span> <span class='ocrx_word' id='word_1_169' title='bbox 705 2698 754 2743; x_wconf 80' lang='lat' dir='ltr'><strong>et</strong></span> <span class='ocrx_word' id='word_1_170' title='bbox 778 2709 882 2743; x_wconf 79' lang='lat' dir='ltr'><strong>cum</strong></span> <span class='ocrx_word' id='word_1_171' title='bbox 898 2693 1124 2746; x_wconf 84' lang='lat' dir='ltr'><strong>malebat</strong></span> <span class='ocrx_word' id='word_1_172' title='bbox 1143 2696 1196 2748; x_wconf 81' lang='lat' dir='ltr'><strong>J.</strong></span> <span class='ocrx_word' id='word_1_173' title='bbox 1222 2695 1280 2745; x_wconf 79' lang='lat' dir='ltr'><strong>F.</strong></span> <span class='ocrx_word' id='word_1_174' title='bbox 1303 2695 1534 2745; x_wconf 80' lang='lat' dir='ltr'><strong>Gronov.</strong></span> <span class='ocrx_word' id='word_1_175' title='bbox 1556 2694 1607 2743; x_wconf 81' lang='lat' dir='ltr'><strong>id</strong></span> <span class='ocrx_word' id='word_1_176' title='bbox 1627 2709 1750 2757; x_wconf 76' lang='lat' dir='ltr'><strong>cum,</strong></span> <span class='ocrx_word' id='word_1_177' title='bbox 1772 2698 1827 2741; x_wconf 91' lang='lat' dir='ltr'><strong>et</strong></span> <span class='ocrx_word' id='word_1_178' title='bbox 1852 2688 2425 2756; x_wconf 62' lang='lat' dir='ltr'><strong>prognatus-,cernam</strong></span> 
     </span>
     <span class='ocr_line' id='line_1_23' title="bbox 235 2753 2425 2821; baseline 0.001 -18"><span class='ocrx_word' id='word_1_179' title='bbox 235 2758 326 2802; x_wconf 77' lang='grc'><strong>-7</strong></span> <span class='ocrx_word' id='word_1_180' title='bbox 359 2753 451 2805; x_wconf 81' lang='lat' dir='ltr'><strong>Al.</strong></span> <span class='ocrx_word' id='word_1_181' title='bbox 489 2759 554 2806; x_wconf 77' lang='lat' dir='ltr'><strong>ad</strong></span> <span class='ocrx_word' id='word_1_182' title='bbox 588 2759 793 2821; x_wconf 67' lang='lat' dir='ltr'><strong>ipsoram</strong></span> <span class='ocrx_word' id='word_1_183' title='bbox 830 2765 1164 2811; x_wconf 60' lang='lat' dir='ltr'><strong>ornatum—8</strong></span> <span class='ocrx_word' id='word_1_184' title='bbox 1198 2763 1213 2789; x_wconf 88' lang='lat'>‘</span> <span class='ocrx_word' id='word_1_185' title='bbox 1242 2759 1487 2810; x_wconf 75' lang='lat' dir='ltr'><strong>Dukerua</strong></span> <span class='ocrx_word' id='word_1_186' title='bbox 1533 2773 1633 2809; x_wconf 89' lang='lat' dir='ltr'><strong>non</strong></span> <span class='ocrx_word' id='word_1_187' title='bbox 1673 2757 1931 2808; x_wconf 86' lang='lat' dir='ltr'><strong>immerito</strong></span> <span class='ocrx_word' id='word_1_188' title='bbox 1969 2758 2346 2821; x_wconf 77' lang='lat' dir='ltr'><strong>auspicabatur,</strong></span> <span class='ocrx_word' id='word_1_189' title='bbox 2379 2758 2425 2806; x_wconf 73' lang='lat' dir='ltr'><strong>ri</strong></span> 
     </span>
     <span class='ocr_line' id='line_1_24' title="bbox 231 2819 2424 2937; baseline -0.001 -63"><span class='ocrx_word' id='word_1_190' title='bbox 231 2829 377 2936; x_wconf 51' lang='lat' dir='ltr'><strong>macene</strong></span> <span class='ocrx_word' id='word_1_191' title='bbox 401 2819 566 2936; x_wconf 59' lang='lat' dir='ltr'><strong>emat)</strong></span> <span class='ocrx_word' id='word_1_192' title='bbox 562 2823 925 2937; x_wconf 42' lang='lat' dir='ltr'><strong>&amp;fga-minus,</strong></span> <span class='ocrx_word' id='word_1_193' title='bbox 942 2841 1072 2890; x_wconf 78' lang='lat' dir='ltr'><strong>opem</strong></span> <span class='ocrx_word' id='word_1_194' title='bbox 1104 2827 1442 2891; x_wconf 80' lang='lat' dir='ltr'><strong>peculiariter</strong></span> <span class='ocrx_word' id='word_1_195' title='bbox 1476 2824 1544 2876; x_wconf 88' lang='lat' dir='ltr'><strong>de</strong></span> <span class='ocrx_word' id='word_1_196' title='bbox 1569 2837 1824 2875; x_wconf 85' lang='lat' dir='ltr'><strong>armorum</strong></span> <span class='ocrx_word' id='word_1_197' title='bbox 1846 2836 1946 2887; x_wconf 85' lang='lat' dir='ltr'><strong>ope</strong></span> <span class='ocrx_word' id='word_1_198' title='bbox 1969 2823 2310 2889; x_wconf 72' lang='lat' dir='ltr'><strong>intelligamus</strong></span> <span class='ocrx_word' id='word_1_199' title='bbox 2332 2835 2424 2872; x_wconf 90' lang='lat' dir='ltr'><strong>ne·</strong></span> 
     </span>
    </p>
   </div>
   <div class='ocr_carea' id='block_1_5' title="bbox 1211 2970 1436 3023">
    <p class='ocr_par' dir='ltr' id='par_1_6' title="bbox 1211 2970 1436 3023">
     <span class='ocr_line' id='line_1_25' title="bbox 1211 2970 1436 3023; baseline -0.004 0"><span class='ocrx_word' id='word_1_200' title='bbox 1211 2970 1436 3023; x_wconf 74' lang='lat' dir='ltr'><strong>NOTA-2</strong></span> 
     </span>
    </p>
   </div>
   <div class='ocr_carea' id='block_1_6' title="bbox 218 3065 2420 4365">
    <p class='ocr_par' dir='ltr' id='par_1_7' title="bbox 221 3065 2420 3673">
     <span class='ocr_line' id='line_1_26' title="bbox 288 3065 2420 3132; baseline -0.002 -13"><span class='ocrx_word' id='word_1_201' title='bbox 288 3065 302 3099; x_wconf 88' lang='lat'>¹</span> <span class='ocrx_word' id='word_1_202' title='bbox 333 3067 412 3119; x_wconf 73' lang='lat' dir='ltr'><strong>Ab</strong></span> <span class='ocrx_word' id='word_1_203' title='bbox 440 3066 609 3132; x_wconf 69' lang='lat' dir='ltr'><strong>quibas</strong></span> <span class='ocrx_word' id='word_1_204' title='bbox 635 3071 823 3127; x_wconf 72' lang='lat' dir='ltr'><strong>donum,</strong></span> <span class='ocrx_word' id='word_1_205' title='bbox 857 3071 1014 3121; x_wconf 64' lang='lat' dir='ltr'><strong>maimo</strong></span> <span class='ocrx_word' id='word_1_206' title='bbox 1040 3087 1097 3122; x_wconf 81' lang='lat' dir='ltr'><strong>ac</strong></span> <span class='ocrx_word' id='word_1_207' title='bbox 1124 3073 1283 3122; x_wconf 75' lang='lat' dir='ltr'><strong>volun-</strong></span> <span class='ocrx_word' id='word_1_208' title='bbox 1365 3074 1511 3121; x_wconf 88' lang='lat' dir='ltr'><strong>certe</strong></span> <span class='ocrx_word' id='word_1_209' title='bbox 1545 3072 1769 3132; x_wconf 72' lang='lat' dir='ltr'><strong>constat,</strong></span> <span class='ocrx_word' id='word_1_210' title='bbox 1795 3080 1884 3118; x_wconf 84' lang='lat' dir='ltr'><strong>eos</strong></span> <span class='ocrx_word' id='word_1_211' title='bbox 1904 3067 2005 3118; x_wconf 79' lang='lat' dir='ltr'><strong>boc</strong></span> <span class='ocrx_word' id='word_1_212' title='bbox 2032 3072 2262 3131; x_wconf 84' lang='lat' dir='ltr'><strong>tempore</strong></span> <span class='ocrx_word' id='word_1_213' title='bbox 2284 3079 2420 3116; x_wconf 75' lang='lat' dir='ltr'><strong>sum·</strong></span> 
     </span>
     <span class='ocr_line' id='line_1_27' title="bbox 227 3142 2383 3211; baseline 0.001 -21"><span class='ocrx_word' id='word_1_214' title='bbox 227 3144 348 3207; x_wconf 74' lang='lat' dir='ltr'><strong>tute]</strong></span> <span class='ocrx_word' id='word_1_215' title='bbox 414 3143 722 3196; x_wconf 73' lang='lat' dir='ltr'><strong>Muneribus</strong></span> <span class='ocrx_word' id='word_1_216' title='bbox 775 3146 1093 3211; x_wconf 79' lang='lat' dir='ltr'><strong>praeeipnum</strong></span> <span class='ocrx_word' id='word_1_217' title='bbox 1146 3146 1281 3197; x_wconf 84' lang='lat' dir='ltr'><strong>baud</strong></span> <span class='ocrx_word' id='word_1_218' title='bbox 1363 3161 1447 3196; x_wconf 89' lang='lat' dir='ltr'><strong>ma</strong></span> <span class='ocrx_word' id='word_1_219' title='bbox 1469 3159 1641 3195; x_wconf 84' lang='lat' dir='ltr'><strong>rerum</strong></span> <span class='ocrx_word' id='word_1_220' title='bbox 1666 3145 1889 3195; x_wconf 87' lang='lat' dir='ltr'><strong>omnium</strong></span> <span class='ocrx_word' id='word_1_221' title='bbox 1914 3144 2086 3207; x_wconf 86' lang='lat' dir='ltr'><strong>inopia</strong></span> <span class='ocrx_word' id='word_1_222' title='bbox 2107 3142 2383 3192; x_wconf 72' lang='lat' dir='ltr'><strong>laborasse.</strong></span> 
     </span>
     <span class='ocr_line' id='line_1_28' title="bbox 228 3217 2415 3286; baseline 0 -18"><span class='ocrx_word' id='word_1_223' title='bbox 228 3217 377 3269; x_wconf 85' lang='lat' dir='ltr'><strong>dubie</strong></span> <span class='ocrx_word' id='word_1_224' title='bbox 402 3222 629 3286; x_wconf 83' lang='lat' dir='ltr'><strong>pretium</strong></span> <span class='ocrx_word' id='word_1_225' title='bbox 645 3223 709 3272; x_wconf 85' lang='lat' dir='ltr'><strong>ab</strong></span> <span class='ocrx_word' id='word_1_226' title='bbox 730 3220 919 3273; x_wconf 77' lang='lat' dir='ltr'><strong>affectu</strong></span> <span class='ocrx_word' id='word_1_227' title='bbox 938 3221 1280 3274; x_wconf 85' lang='lat' dir='ltr'><strong>offerentium.</strong></span> <span class='ocrx_word' id='word_1_228' title='bbox 1424 3224 1439 3259; x_wconf 86' lang='lat'>¹</span> <span class='ocrx_word' id='word_1_229' title='bbox 1471 3224 1541 3274; x_wconf 78' lang='lat' dir='ltr'><strong>Et</strong></span> <span class='ocrx_word' id='word_1_230' title='bbox 1561 3222 1677 3273; x_wconf 72' lang='lat' dir='ltr'><strong>aeris</strong></span> <span class='ocrx_word' id='word_1_231' title='bbox 1693 3223 1862 3286; x_wconf 62' lang='lat' dir='ltr'><strong>gram</strong></span> <span class='ocrx_word' id='word_1_232' title='bbox 1880 3221 2062 3285; x_wconf 72' lang='lat' dir='ltr'><strong>viginti</strong></span> <span class='ocrx_word' id='word_1_233' title='bbox 2083 3219 2258 3285; x_wconf 77' lang='lat' dir='ltr'><strong>millia]</strong></span> <span class='ocrx_word' id='word_1_234' title='bbox 2295 3220 2415 3270; x_wconf 89' lang='lat' dir='ltr'><strong>Hoc</strong></span> 
     </span>
     <span class='ocr_line' id='line_1_29' title="bbox 229 3294 2414 3367; baseline 0 -23"><span class='ocrx_word' id='word_1_235' title='bbox 229 3294 389 3346; x_wconf 84' lang='lat' dir='ltr'><strong>Porro</strong></span> <span class='ocrx_word' id='word_1_236' title='bbox 423 3311 528 3347; x_wconf 88' lang='lat' dir='ltr'><strong>non</strong></span> <span class='ocrx_word' id='word_1_237' title='bbox 562 3298 824 3348; x_wconf 83' lang='lat' dir='ltr'><strong>illibenter</strong></span> <span class='ocrx_word' id='word_1_238' title='bbox 844 3313 944 3362; x_wconf 69' lang='lat' dir='ltr'><strong>ego</strong></span> <span class='ocrx_word' id='word_1_239' title='bbox 975 3299 1102 3349; x_wconf 84' lang='lat' dir='ltr'><strong>iliud</strong></span> <span class='ocrx_word' id='word_1_240' title='bbox 1130 3299 1276 3351; x_wconf 76' lang='lat' dir='ltr'><strong>liben-</strong></span> <span class='ocrx_word' id='word_1_241' title='bbox 1360 3309 1594 3367; x_wconf 80' lang='lat' dir='ltr'><strong>tempore</strong></span> <span class='ocrx_word' id='word_1_242' title='bbox 1628 3315 1768 3350; x_wconf 74' lang='lat' dir='ltr'><strong>asses</strong></span> <span class='ocrx_word' id='word_1_243' title='bbox 1802 3314 1835 3348; x_wconf 86' lang='lat' dir='ltr'><strong>a</strong></span> <span class='ocrx_word' id='word_1_244' title='bbox 1856 3298 1987 3348; x_wconf 83' lang='lat' dir='ltr'><strong>libra</strong></span> <span class='ocrx_word' id='word_1_245' title='bbox 2009 3297 2072 3348; x_wconf 85' lang='lat' dir='ltr'><strong>ad</strong></span> <span class='ocrx_word' id='word_1_246' title='bbox 2093 3298 2293 3347; x_wconf 86' lang='lat' dir='ltr'><strong>unciam</strong></span> <span class='ocrx_word' id='word_1_247' title='bbox 2316 3298 2414 3346; x_wconf 75' lang='lat' dir='ltr'><strong>sai-</strong></span> 
     </span>
     <span class='ocr_line' id='line_1_30' title="bbox 228 3370 2413 3443; baseline 0.001 -24"><span class='ocrx_word' id='word_1_248' title='bbox 228 3375 295 3420; x_wconf 72' lang='lat' dir='ltr'><strong>tes</strong></span> <span class='ocrx_word' id='word_1_249' title='bbox 312 3370 598 3423; x_wconf 81' lang='lat' dir='ltr'><strong>deleverim</strong></span> <span class='ocrx_word' id='word_1_250' title='bbox 619 3385 635 3434; x_wconf 75' lang='grc' dir='ltr'><strong><em>ς</em></strong></span> <span class='ocrx_word' id='word_1_251' title='bbox 669 3373 793 3423; x_wconf 70' lang='lat' dir='ltr'><strong>satia</strong></span> <span class='ocrx_word' id='word_1_252' title='bbox 821 3376 957 3425; x_wconf 82' lang='lat' dir='ltr'><strong>enlm</strong></span> <span class='ocrx_word' id='word_1_253' title='bbox 977 3385 1063 3424; x_wconf 73' lang='lat' dir='ltr'><strong>rea</strong></span> <span class='ocrx_word' id='word_1_254' title='bbox 1085 3375 1278 3428; x_wconf 83' lang='lat' dir='ltr'><strong>indica-</strong></span> <span class='ocrx_word' id='word_1_255' title='bbox 1359 3386 1463 3429; x_wconf 83' lang='lat' dir='ltr'><strong>tem</strong></span> <span class='ocrx_word' id='word_1_256' title='bbox 1486 3378 1702 3443; x_wconf 87' lang='lat' dir='ltr'><strong>redacti,</strong></span> <span class='ocrx_word' id='word_1_257' title='bbox 1726 3377 1802 3427; x_wconf 86' lang='lat' dir='ltr'><strong>ita</strong></span> <span class='ocrx_word' id='word_1_258' title='bbox 1824 3383 1882 3425; x_wconf 84' lang='lat' dir='ltr'><strong>ut</strong></span> <span class='ocrx_word' id='word_1_259' title='bbox 1904 3374 2139 3425; x_wconf 86' lang='lat' dir='ltr'><strong>videatur</strong></span> <span class='ocrx_word' id='word_1_260' title='bbox 2162 3388 2233 3423; x_wconf 69' lang='lat' dir='ltr'><strong>tea</strong></span> <span class='ocrx_word' id='word_1_261' title='bbox 2257 3387 2413 3438; x_wconf 76' lang='lat' dir='ltr'><strong>grave</strong></span> 
     </span>
     <span class='ocr_line' id='line_1_31' title="bbox 228 3449 2414 3522; baseline 0.001 -26"><span class='ocrx_word' id='word_1_262' title='bbox 228 3455 305 3497; x_wconf 85' lang='lat' dir='ltr'><strong>tur</strong></span> <span class='ocrx_word' id='word_1_263' title='bbox 344 3451 388 3498; x_wconf 75' lang='lat' dir='ltr'><strong>ei</strong></span> <span class='ocrx_word' id='word_1_264' title='bbox 422 3449 584 3508; x_wconf 74' lang='lat' dir='ltr'><strong>dicas,</strong></span> <span class='ocrx_word' id='word_1_265' title='bbox 619 3452 792 3501; x_wconf 75' lang='lat' dir='ltr'><strong>donum</strong></span> <span class='ocrx_word' id='word_1_266' title='bbox 829 3454 1070 3503; x_wconf 73' lang='lat' dir='ltr'><strong>voluntate</strong></span> <span class='ocrx_word' id='word_1_267' title='bbox 1100 3469 1276 3516; x_wconf 74' lang='lat' dir='ltr'><strong>eoram,</strong></span> <span class='ocrx_word' id='word_1_268' title='bbox 1358 3471 1451 3522; x_wconf 83' lang='lat' dir='ltr'><strong>per</strong></span> <span class='ocrx_word' id='word_1_269' title='bbox 1483 3456 1598 3506; x_wconf 78' lang='lat' dir='ltr'><strong>boec</strong></span> <span class='ocrx_word' id='word_1_270' title='bbox 1628 3461 1866 3519; x_wconf 84' lang='lat' dir='ltr'><strong>tempora</strong></span> <span class='ocrx_word' id='word_1_271' title='bbox 1898 3451 2092 3502; x_wconf 87' lang='lat' dir='ltr'><strong>nullum</strong></span> <span class='ocrx_word' id='word_1_272' title='bbox 2116 3452 2166 3500; x_wconf 86' lang='lat' dir='ltr'><strong>in</strong></span> <span class='ocrx_word' id='word_1_273' title='bbox 2193 3451 2414 3514; x_wconf 83' lang='lat' dir='ltr'><strong>pecunia</strong></span> 
     </span>
     <span class='ocr_line' id='line_1_32' title="bbox 224 3524 2410 3597; baseline -0.005 -10"><span class='ocrx_word' id='word_1_274' title='bbox 224 3527 299 3587; x_wconf 59' lang='grc' dir='ltr'><strong>φή</strong></span> <span class='ocrx_word' id='word_1_275' title='bbox 329 3528 520 3589; x_wconf 68' lang='lat' dir='ltr'><strong>darent,</strong></span> <span class='ocrx_word' id='word_1_276' title='bbox 542 3541 678 3591; x_wconf 71' lang='lat' dir='ltr'><strong>quum</strong></span> <span class='ocrx_word' id='word_1_277' title='bbox 712 3543 766 3577; x_wconf 79' lang='lat' dir='ltr'><strong>re</strong></span> <span class='ocrx_word' id='word_1_278' title='bbox 802 3529 957 3592; x_wconf 62' lang='grc' dir='ltr'><strong>παύω</strong></span> <span class='ocrx_word' id='word_1_279' title='bbox 989 3530 1278 3597; x_wconf 66' lang='lat' dir='ltr'><strong>ampliusque</strong></span> <span class='ocrx_word' id='word_1_280' title='bbox 1355 3538 1624 3585; x_wconf 83' lang='lat' dir='ltr'><strong>numerata</strong></span> <span class='ocrx_word' id='word_1_281' title='bbox 1645 3530 1834 3584; x_wconf 72' lang='lat' dir='ltr'><strong>fuine:</strong></span> <span class='ocrx_word' id='word_1_282' title='bbox 1869 3527 2040 3593; x_wconf 85' lang='lat' dir='ltr'><strong>potuit</strong></span> <span class='ocrx_word' id='word_1_283' title='bbox 2057 3532 2226 3577; x_wconf 84' lang='lat' dir='ltr'><strong>tamen</strong></span> <span class='ocrx_word' id='word_1_284' title='bbox 2248 3524 2410 3577; x_wconf 76' lang='lat' dir='ltr'><strong>infec-</strong></span> 
     </span>
     <span class='ocr_line' id='line_1_33' title="bbox 221 3604 2411 3673; baseline -0.008 -6"><span class='ocrx_word' id='word_1_285' title='bbox 221 3604 501 3666; x_wconf 47' lang='grc' dir='ltr'><strong>κεῖνται.</strong></span> <span class='ocrx_word' id='word_1_286' title='bbox 1356 3612 1396 3661; x_wconf 88' lang='lat' dir='ltr'><strong>ti</strong></span> <span class='ocrx_word' id='word_1_287' title='bbox 1419 3611 1535 3662; x_wconf 71' lang='lat' dir='ltr'><strong>aeris</strong></span> <span class='ocrx_word' id='word_1_288' title='bbox 1557 3611 1656 3659; x_wconf 83' lang='lat' dir='ltr'><strong>hoc</strong></span> <span class='ocrx_word' id='word_1_289' title='bbox 1677 3606 1904 3673; x_wconf 83' lang='lat' dir='ltr'><strong>pondere</strong></span> <span class='ocrx_word' id='word_1_290' title='bbox 1917 3604 2281 3670; x_wconf 78' lang='lat' dir='ltr'><strong>conjurationis</strong></span> <span class='ocrx_word' id='word_1_291' title='bbox 2306 3616 2411 3651; x_wconf 77' lang='lat' dir='ltr'><strong>aer·</strong></span> 
     </span>
    </p>

    <p class='ocr_par' dir='ltr' id='par_1_8' title="bbox 218 3678 2409 4365">
     <span class='ocr_line' id='line_1_34' title="bbox 282 3678 2409 3748; baseline -0.005 -6"><span class='ocrx_word' id='word_1_292' title='bbox 282 3678 305 3712; x_wconf 79' lang='lat'><strong>¹¹</strong></span> <span class='ocrx_word' id='word_1_293' title='bbox 328 3681 533 3742; x_wconf 61' lang='lat' dir='ltr'><strong>Palem·</strong></span> <span class='ocrx_word' id='word_1_294' title='bbox 549 3695 652 3747; x_wconf 62' lang='lat' dir='ltr'><strong>¹13¹oe</strong></span> <span class='ocrx_word' id='word_1_295' title='bbox 665 3681 886 3745; x_wconf 76' lang='lat' dir='ltr'><strong>ponderis</strong></span> <span class='ocrx_word' id='word_1_296' title='bbox 903 3680 1110 3746; x_wconf 75' lang='lat' dir='ltr'><strong>minimi]</strong></span> <span class='ocrx_word' id='word_1_297' title='bbox 1126 3682 1276 3748; x_wconf 77' lang='lat' dir='ltr'><strong>Mag·</strong></span> <span class='ocrx_word' id='word_1_298' title='bbox 1356 3688 1470 3738; x_wconf 73' lang='lat' dir='ltr'><strong>vilis</strong></span> <span class='ocrx_word' id='word_1_299' title='bbox 1494 3686 1651 3737; x_wconf 82' lang='lat' dir='ltr'><strong>index</strong></span> <span class='ocrx_word' id='word_1_300' title='bbox 1676 3683 1872 3746; x_wconf 85' lang='lat' dir='ltr'><strong>donari,</strong></span> <span class='ocrx_word' id='word_1_301' title='bbox 1891 3682 2035 3746; x_wconf 80' lang='lat' dir='ltr'><strong>cujus</strong></span> <span class='ocrx_word' id='word_1_302' title='bbox 2070 3681 2291 3745; x_wconf 85' lang='lat' dir='ltr'><strong>pretium</strong></span> <span class='ocrx_word' id='word_1_303' title='bbox 2321 3681 2409 3731; x_wconf 71' lang='lat' dir='ltr'><strong>lno-</strong></span> 
     </span>
     <span class='ocr_line' id='line_1_35' title="bbox 223 3758 2068 3824; baseline -0.001 -18"><span class='ocrx_word' id='word_1_304' title='bbox 223 3758 439 3809; x_wconf 86' lang='lat' dir='ltr'><strong>nitudini</strong></span> <span class='ocrx_word' id='word_1_305' title='bbox 483 3759 658 3824; x_wconf 88' lang='lat' dir='ltr'><strong>animi,</strong></span> <span class='ocrx_word' id='word_1_306' title='bbox 709 3773 774 3808; x_wconf 80' lang='lat' dir='ltr'><strong>an</strong></span> <span class='ocrx_word' id='word_1_307' title='bbox 830 3763 1156 3823; x_wconf 62' lang='lat' dir='ltr'><strong>arrogantia,</strong></span> <span class='ocrx_word' id='word_1_308' title='bbox 1207 3775 1274 3811; x_wconf 86' lang='lat' dir='ltr'><strong>an</strong></span> <span class='ocrx_word' id='word_1_309' title='bbox 1355 3763 1438 3813; x_wconf 86' lang='lat' dir='ltr'><strong>die</strong></span> <span class='ocrx_word' id='word_1_310' title='bbox 1463 3768 1602 3813; x_wconf 72' lang='lat' dir='ltr'><strong>esset</strong></span> <span class='ocrx_word' id='word_1_311' title='bbox 1625 3759 1865 3811; x_wconf 86' lang='lat' dir='ltr'><strong>librarum</strong></span> <span class='ocrx_word' id='word_1_312' title='bbox 1889 3760 2068 3808; x_wconf 75' lang='grc'><strong>13500.</strong></span> 
     </span>
     <span class='ocr_line' id='line_1_36' title="bbox 223 3831 2407 3903; baseline 0 -19"><span class='ocrx_word' id='word_1_313' title='bbox 223 3835 510 3898; x_wconf 67' lang='lat' dir='ltr'><strong>prudentiae</strong></span> <span class='ocrx_word' id='word_1_314' title='bbox 535 3838 705 3900; x_wconf 75' lang='lat' dir='ltr'><strong>potina</strong></span> <span class='ocrx_word' id='word_1_315' title='bbox 726 3835 775 3885; x_wconf 89' lang='lat' dir='ltr'><strong>in</strong></span> <span class='ocrx_word' id='word_1_316' title='bbox 801 3835 1272 3888; x_wconf 72' lang='lat' dir='ltr'><strong>dissimulandiain-</strong></span> <span class='ocrx_word' id='word_1_317' title='bbox 1423 3838 1619 3903; x_wconf 75' lang='lat' dir='ltr'><strong>Viginti</strong></span> <span class='ocrx_word' id='word_1_318' title='bbox 1658 3833 1833 3898; x_wconf 77' lang='lat' dir='ltr'><strong>millia]</strong></span> <span class='ocrx_word' id='word_1_319' title='bbox 1865 3833 2069 3897; x_wconf 87' lang='lat' dir='ltr'><strong>Pondo,</strong></span> <span class='ocrx_word' id='word_1_320' title='bbox 2104 3831 2226 3898; x_wconf 82' lang='lat' dir='ltr'><strong>quia</strong></span> <span class='ocrx_word' id='word_1_321' title='bbox 2262 3831 2407 3884; x_wconf 79' lang='lat' dir='ltr'><strong>addi·</strong></span> 
     </span>
     <span class='ocr_line' id='line_1_37' title="bbox 223 3910 2404 3976; baseline 0.001 -16"><span class='ocrx_word' id='word_1_322' title='bbox 223 3913 517 3974; x_wconf 69' lang='lat' dir='ltr'><strong>commodiS,</strong></span> <span class='ocrx_word' id='word_1_323' title='bbox 538 3912 844 3962; x_wconf 77' lang='lat' dir='ltr'><strong>ascribenda</strong></span> <span class='ocrx_word' id='word_1_324' title='bbox 862 3913 929 3963; x_wconf 77' lang='lat' dir='ltr'><strong>ait</strong></span> <span class='ocrx_word' id='word_1_325' title='bbox 952 3915 1064 3964; x_wconf 83' lang='lat' dir='ltr'><strong>haee</strong></span> <span class='ocrx_word' id='word_1_326' title='bbox 1085 3914 1272 3964; x_wconf 87' lang='lat' dir='ltr'><strong>Roma·</strong></span> <span class='ocrx_word' id='word_1_327' title='bbox 1351 3925 1434 3969; x_wconf 81' lang='lat' dir='ltr'><strong>tm·</strong></span> <span class='ocrx_word' id='word_1_328' title='bbox 1477 3916 1591 3965; x_wconf 63' lang='grc' dir='ltr'><strong><em>«ιη’.</em></strong></span> <span class='ocrx_word' id='word_1_329' title='bbox 1630 3911 1832 3976; x_wconf 50' lang='lat' dir='ltr'><strong>gravi&amp;</strong></span> <span class='ocrx_word' id='word_1_330' title='bbox 1886 3925 2001 3961; x_wconf 88' lang='lat' dir='ltr'><strong>nam</strong></span> <span class='ocrx_word' id='word_1_331' title='bbox 2044 3910 2286 3976; x_wconf 82' lang='lat' dir='ltr'><strong>alioquin,</strong></span> <span class='ocrx_word' id='word_1_332' title='bbox 2325 3912 2404 3964; x_wconf 81' lang='lat' dir='ltr'><strong>hia</strong></span> 
     </span>
     <span class='ocr_line' id='line_1_38' title="bbox 219 3988 2402 4056; baseline 0.001 -19"><span class='ocrx_word' id='word_1_333' title='bbox 219 3999 395 4038; x_wconf 86' lang='lat' dir='ltr'><strong>norum</strong></span> <span class='ocrx_word' id='word_1_334' title='bbox 419 3988 689 4051; x_wconf 78' lang='lat' dir='ltr'><strong>modestia,</strong></span> <span class='ocrx_word' id='word_1_335' title='bbox 714 3991 764 4037; x_wconf 88' lang='lat' dir='ltr'><strong>in</strong></span> <span class='ocrx_word' id='word_1_336' title='bbox 802 3990 1270 4054; x_wconf 75' lang='lat' dir='ltr'><strong>Neapolitanorum</strong></span> <span class='ocrx_word' id='word_1_337' title='bbox 1351 3991 1693 4056; x_wconf 81' lang='lat' dir='ltr'><strong>temporibus,</strong></span> <span class='ocrx_word' id='word_1_338' title='bbox 1722 4001 1862 4039; x_wconf 71' lang='lat' dir='ltr'><strong>anses</strong></span> <span class='ocrx_word' id='word_1_339' title='bbox 1884 3995 2153 4054; x_wconf 84' lang='lat' dir='ltr'><strong>coeperunt</strong></span> <span class='ocrx_word' id='word_1_340' title='bbox 2175 4003 2288 4040; x_wconf 72' lang='lat' dir='ltr'><strong>ease</strong></span> <span class='ocrx_word' id='word_1_341' title='bbox 2311 4004 2402 4040; x_wconf 88' lang='lat' dir='ltr'><strong>un-</strong></span> 
     </span>
     <span class='ocr_line' id='line_1_39' title="bbox 220 4064 1871 4130; baseline 0 -16"><span class='ocrx_word' id='word_1_342' title='bbox 220 4079 426 4116; x_wconf 82' lang='lat' dir='ltr'><strong>munere</strong></span> <span class='ocrx_word' id='word_1_343' title='bbox 459 4064 569 4115; x_wconf 85' lang='lat' dir='ltr'><strong>fere</strong></span> <span class='ocrx_word' id='word_1_344' title='bbox 592 4066 817 4122; x_wconf 87' lang='lat' dir='ltr'><strong>omnino,</strong></span> <span class='ocrx_word' id='word_1_345' title='bbox 843 4066 1269 4130; x_wconf 85' lang='lat' dir='ltr'><strong>quemadmodum</strong></span> <span class='ocrx_word' id='word_1_346' title='bbox 1349 4070 1525 4121; x_wconf 76' lang='lat' dir='ltr'><strong>cialea.</strong></span> <span class='ocrx_word' id='word_1_347' title='bbox 1556 4068 1613 4117; x_wconf 87' lang='lat' dir='ltr'><strong>J.</strong></span> <span class='ocrx_word' id='word_1_348' title='bbox 1644 4065 1871 4115; x_wconf 71' lang='lat' dir='ltr'><strong>cler-icus.</strong></span> 
     </span>
     <span class='ocr_line' id='line_1_40' title="bbox 219 4137 2401 4206; baseline 0 -15"><span class='ocrx_word' id='word_1_349' title='bbox 219 4142 267 4191; x_wconf 88' lang='lat' dir='ltr'><strong>in</strong></span> <span class='ocrx_word' id='word_1_350' title='bbox 301 4157 427 4192; x_wconf 89' lang='lat' dir='ltr'><strong>auro</strong></span> <span class='ocrx_word' id='word_1_351' title='bbox 457 4143 813 4193; x_wconf 78' lang='lat' dir='ltr'><strong>Paestanornm</strong></span> <span class='ocrx_word' id='word_1_352' title='bbox 842 4151 1027 4206; x_wconf 75' lang='lat' dir='ltr'><strong>postea</strong></span> <span class='ocrx_word' id='word_1_353' title='bbox 1061 4144 1267 4194; x_wconf 87' lang='lat' dir='ltr'><strong>omnino</strong></span> <span class='ocrx_word' id='word_1_354' title='bbox 1413 4154 1449 4180; x_wconf 80' lang='lat'><strong>¹¹²</strong></span> <span class='ocrx_word' id='word_1_355' title='bbox 1481 4143 1564 4194; x_wconf 74' lang='lat' dir='ltr'><strong>Aa</strong></span> <span class='ocrx_word' id='word_1_356' title='bbox 1605 4137 1905 4205; x_wconf 66' lang='lat' dir='ltr'><strong>Philippum]</strong></span> <span class='ocrx_word' id='word_1_357' title='bbox 1960 4138 2281 4189; x_wconf 78' lang='lat' dir='ltr'><strong>Penultlmus</strong></span> <span class='ocrx_word' id='word_1_358' title='bbox 2318 4140 2401 4193; x_wconf 82' lang='lat' dir='ltr'><strong>hic</strong></span> 
     </span>
     <span class='ocr_line' id='line_1_41' title="bbox 219 4216 2398 4285; baseline -0.001 -17"><span class='ocrx_word' id='word_1_359' title='bbox 219 4219 555 4285; x_wconf 85' lang='lat' dir='ltr'><strong>repudiando,</strong></span> <span class='ocrx_word' id='word_1_360' title='bbox 594 4228 652 4270; x_wconf 84' lang='lat' dir='ltr'><strong>nt</strong></span> <span class='ocrx_word' id='word_1_361' title='bbox 690 4220 978 4270; x_wconf 74' lang='lat' dir='ltr'><strong>videbimus</strong></span> <span class='ocrx_word' id='word_1_362' title='bbox 1021 4235 1142 4284; x_wconf 83' lang='lat' dir='ltr'><strong>cap.</strong></span> <span class='ocrx_word' id='word_1_363' title='bbox 1184 4226 1266 4273; x_wconf 73' lang='lat'><strong>36.</strong></span> <span class='ocrx_word' id='word_1_364' title='bbox 1346 4221 1445 4273; x_wconf 81' lang='lat' dir='ltr'><strong>fuit</strong></span> <span class='ocrx_word' id='word_1_365' title='bbox 1467 4218 1814 4272; x_wconf 79' lang='lat' dir='ltr'><strong>Macedonum</strong></span> <span class='ocrx_word' id='word_1_366' title='bbox 1831 4229 1942 4280; x_wconf 84' lang='lat' dir='ltr'><strong>rex,</strong></span> <span class='ocrx_word' id='word_1_367' title='bbox 1971 4216 2219 4265; x_wconf 87' lang='lat' dir='ltr'><strong>Demetrii</strong></span> <span class='ocrx_word' id='word_1_368' title='bbox 2243 4216 2398 4282; x_wconf 71' lang='lat' dir='ltr'><strong>fliius,</strong></span> 
     </span>
     <span class='ocr_line' id='line_1_42' title="bbox 218 4294 2398 4365; baseline -0.002 -17"><span class='ocrx_word' id='word_1_369' title='bbox 218 4294 346 4348; x_wconf 78' lang='lat' dir='ltr'><strong>haud</strong></span> <span class='ocrx_word' id='word_1_370' title='bbox 389 4298 513 4350; x_wconf 74' lang='lat' dir='ltr'><strong>ratis</strong></span> <span class='ocrx_word' id='word_1_371' title='bbox 554 4296 691 4360; x_wconf 84' lang='lat' dir='ltr'><strong>apud</strong></span> <span class='ocrx_word' id='word_1_372' title='bbox 746 4310 828 4347; x_wconf 88' lang='lat' dir='ltr'><strong>me</strong></span> <span class='ocrx_word' id='word_1_373' title='bbox 880 4304 1066 4346; x_wconf 73' lang='lat' dir='ltr'><strong>statuo.</strong></span> <span class='ocrx_word' id='word_1_374' title='bbox 1131 4296 1267 4348; x_wconf 85' lang='lat' dir='ltr'><strong>Illud</strong></span> <span class='ocrx_word' id='word_1_375' title='bbox 1346 4307 1405 4352; x_wconf 84' lang='lat' dir='ltr'><strong>et</strong></span> <span class='ocrx_word' id='word_1_376' title='bbox 1447 4305 1564 4365; x_wconf 72' lang='lat' dir='ltr'><strong>post</strong></span> <span class='ocrx_word' id='word_1_377' title='bbox 1608 4294 1926 4361; x_wconf 75' lang='lat' dir='ltr'><strong>Antigonum</strong></span> <span class='ocrx_word' id='word_1_378' title='bbox 1971 4299 2196 4344; x_wconf 79' lang='lat' dir='ltr'><strong>tutorem</strong></span> <span class='ocrx_word' id='word_1_379' title='bbox 2249 4305 2398 4346; x_wconf 77' lang='lat' dir='ltr'><strong>suum</strong></span> 
     </span>
    </p>
   </div>
  </div>
 </body>
</html>
