3025 4892
854 382 1061 431 mum
1113 383 1309 432 xvn.
1352 381 1996 435 snrvnssnnu‘ruu.
2351 370 2522 437 1535

301 523 360 583 in
387 523 707 585 adventum
724 523 958 597 classis,
998 545 1177 606 quam
1201 526 1388 608 sequi,
1428 535 1496 587 ut
1540 528 1788 608 primum
1813 536 2029 609 posset,
2064 529 2194 607 jus-

298 632 480 691 serat,
523 624 851 696 necessaria
898 633 1273 704 praepararet,
1323 623 1660 704 priusquam
1709 623 1787 683 ad
1832 623 2044 685 fretum
2089 625 2196 686 illa

301 718 635 788 accederet,
678 719 736 778 in
780 740 986 780 manus
1009 721 1259 781 hostium
1284 720 1512 781 incidit.
1599 720 1851 781 Factum
1878 721 1939 782 id
1969 722 2194 784 Boodis
2216 731 2381 782 zonat.

301 815 546 884 astutia,
570 835 743 895 quem
761 814 1074 877 Hannibal
1092 811 1346 878 Punica&
1372 816 1576 878 classis
1601 818 1913 898 imperator
1932 818 2195 905 ¹legatum

301 909 588 981 habebat,
619 920 682 972 et
704 913 1050 974 credulitate
1080 913 1357 985 consulis,
1387 915 1511 995 qui,
1542 913 1823 994 Liparaeis
1846 915 2194 996 quibusdam

301 1007 380 1065 ab
409 1008 578 1068 hoste
604 1010 935 1070 subornatis
959 1009 1134 1070 fidem
1163 1011 1406 1081 habens,
1453 1011 1685 1091 Liparae
1722 1011 1882 1072 urbis
1921 1032 2023 1092 per
2061 1032 2193 1094 pro-

300 1102 588 1164 ditionem
604 1106 964 1186 occupandoe
988 1127 1151 1187 spem
1171 1117 1388 1168 temere
1405 1111 1775 1188 conc'eperat.
1829 1107 1928 1167 Ibi
1947 1109 2195 1169 circum-
2240 1107 2522 1171 Ὀλυμπιάδι

301 1208 516 1260 ventus
563 1221 602 1262 a
645 1202 897 1263 Punicis
945 1204 1214 1275 navibus,
1263 1224 1562 1265 conserere
1612 1212 1809 1263 tamen
1853 1223 2082 1274 manus,
2135 1213 2198 1265 et
2220 1174 2423 1304 ‘2333’
2472 1247 2523 1286 et

301 1297 627 1376 pugnando
650 1299 899 1360 salutem
926 1320 1183 1380 quaerere
1219 1300 1558 1379 cogitabam
1601 1300 1712 1359 nisi
1745 1299 1984 1360 Boodes
2008 1300 2195 1363 altera
2220 1302 2325 1351 Liv.
2358 1303 2490 1367 Epic.

301 1391 511 1454 fraude
537 1395 728 1475 ipsum
751 1405 814 1456 et
835 1397 1102 1457 tribunos
1137 1396 1413 1468 militum,
1461 1397 1629 1476 quasi
1655 1395 1730 1455 de
1765 1396 2196 1458 conditionibus
2217 1382 2387 1483 {elxam

304 1509 443 1549 cum
461 1489 658 1551 Poeno
682 1492 996 1565 locuturos,
1012 1513 1180 1554 suam
1204 1493 1266 1554 in
1290 1493 1584 1554 triremem
1598 1492 1965 1577 pellexisset.
2012 1492 2195 1554 Veni·
2218 1513 2348 1564 Flor.

303 1587 542 1648 entibus
580 1589 814 1667 injectae
852 1601 986 1651 mut
1022 1599 1285 1652 catenae:
1329 1609 1448 1671 quo
1470 1598 1686 1651 terrore
1709 1609 1847 1650 cum
1872 1590 2050 1650 ceteri
2071 1591 2199 1651 eine
2222 1602 2360 1653 Ome.
2380 1616 2453 1651 xv.
2469 1605 2518 1651 7.

303 1685 628 1744 certamine
651 1705 716 1746 se
734 1686 1128 1758 tradidiaeent,
1159 1685 1399 1749 Boodes
1425 1687 1673 1748 navibus
1688 1686 1959 1747 omnibus
1982 1687 2202 1768 potitus
2223 1701 2390 1750 Zonar.

305 1780 580 1861 captivos
604 1781 1023 1862 Carthaginem
1052 1785 1235 1846 misit.

385 1884 445 1937 ὁ.
477 1877 686 1939 Simile
709 1899 850 1940 mox
870 1880 1045 1941 Poeni
1070 1880 1239 1942 ducis
1257 1887 1567 1962 peccatum
1592 1879 1725 1951 fuit,
1751 1899 1939 1959 eoque
1964 1882 2204 1960 majoris

305 1976 627 2055 opprobrii,
670 1976 830 2056 quod
857 1998 1049 2058 neque
1075 1977 1341 2040 Romani
1382 1978 1638 2040 censualis
1677 1978 2057 2057 incogitantia
2080 1988 2204 2040 tam

309 2073 530 2132 recenti
558 2072 833 2155 exemplo
853 2073 931 2134 ad
955 2075 1288 2135 cautionem
1317 2074 1646 2155 profuisset.
1732 2073 2046 2135 Didicerat
2073 2075 2208 2136 Ro·

309 2188 549 2229 manain
582 2169 831 2230 classem
859 2172 1045 2249 juxta
1085 2170 1250 2232 littus
1288 2170 1572 2233 Italicum
1614 2171 1753 2232 vela
1787 2170 2101 2232 facientem
2124 2171 2205 2232 ad

311 2265 525 2327 fretum
565 2267 827 2339 tendere,
856 2289 1046 2349 neque
1069 2269 1274 2351 procul
1304 2271 1508 2331 abesse
1535 2272 1667 2349 jam
1704 2290 1896 2351 posse.
1976 2268 2206 2331 Volens

311 2362 484 2442 igitar
498 2384 634 2424 eam
659 2385 736 2425 ex
763 2366 1088 2447 propinquo
1109 2366 1502 2438 considerare,
1530 2375 1598 2426 ut
1615 2372 1915 2436 numerum
1941 2367 2201 2437 navium,

309 2467 370 2518 et
413 2480 549 2539 quae
589 2460 651 2520 in
692 2481 847 2522 novo
884 2461 1150 2524 instituto
1194 2461 1499 2524 Romanis.
1533 2461 1767 2541 agilitas
1806 2470 1870 2523 et
1914 2461 2202 2522 habitudo

309 2566 483 2629 esset,
541 2567 817 2619 accurate
865 2564 1262 2638 cognosceret,'
1303 2579 1438 2621 cum
1478 2560 1726 2620 navibus
1776 2558 2204 2640 quinquaginta

313 2653 735 2733 proficisciturg
789 2676 1025 2716 securus
1063 2655 1268 2728 futuri,
1305 2666 1373 2716 et
1411 2655 1623 2726 classe,
1666 2664 1733 2715 ut
1773 2656 1831 2714 in
1867 2673 2037 2714 cursu
2075 2662 2204 2713 toto

310 2748 478 2820 solet,
514 2752 766 2831 navigiis
788 2762 1004 2812 temere
1024 2753 1348 2833 permixtis,
1377 2772 1582 2833 parum
1607 2752 1949 2832 composita.
2014 2749 2205 2829 Igitur

313 2845 370 2904 in
395 2845 558 2907 flexu
583 2847 892 2928 cujusdam
915 2848 1292 2930 promontorii
1333 2868 1469 2910 cum
1501 2849 1562 2908 in
1590 2848 1931 2909 Romanam
1954 2843 2204 2907 classem

312 2942 511 3004 ordine
552 2944 864 3006 commodo
911 2947 1285 3024 navigantem
1335 2946 1533 3006 subito
1593 2944 1794 3006 illatus
1833 2952 2006 3015 esset,
2066 2953 2202 3004 ante

314 3042 504 3104 victus
529 3063 710 3123 quam
734 3043 812 3105 ad
832 3064 1089 3125 pugnam
1105 3064 1308 3126 parare
1325 3066 1387 3105 se
1406 3045 1710 3126 potuisset,
1740 3043 1954 3104 amissa
1977 3042 2204 3102 meliori

313 3125 478 3220 parte
505 3140 764 3213 navium,
790 3150 1101 3222 postquam
1127 3141 1248 3222 ipse
1273 3161 1508 3223 quoque
1523 3140 1601 3200 ad
1619 3149 1944 3201 extremum
1963 3138 2207 3220 periculi

313 3236 589 3306 ven'met,
614 3255 749 3296 cum
774 3237 980 3298 ceter'n
1003 3238 1107 3298 vix
1133 3237 1357 3316 effugit.
1441 3237 1679 3297 Victrix
1705 3235 1929 3306 classis,
1970 3235 2207 3313 cognito

317 3329 579 3391 Cornelii
598 3352 761 3404 casu,
787 3333 958 3393 simul
979 3334 1058 3396 ad
1072 3333 1151 3394 (3.
1172 3332 1442 3394 Duilium
1463 3333 1622 3393 misit
1635 3333 1892 3402 nuntios,
1916 3332 2019 3411 qui
2039 3350 2206 3390 suum

317 3427 637 3488 adventum
663 3429 723 3490 ei
746 3428 1174 3509 significas-eun
1217 3428 1388 3489 simul
1425 3429 1503 3489 ad
1541 3430 1807 3508 praelium
1846 3448 1908 3488 se
1933 3427 2207 3507 parabat,

316 3523 478 3602 quod
529 3533 757 3585 ceteras
809 3524 1376 3605 Carthaginiensium
1442 3544 1626 3585 naves
1679 3523 2018 3605 propinquis
2066 3522 2211 3583 locis

321 3639 492 3698 agere
520 3631 903 3701 compererat.

399 3723 463 3776 6.
508 3716 606 3777 Ibi
629 3717 771 3778 dum
801 3718 1047 3780 solicitis
1086 3717 1293 3778 animis
1322 3715 1693 3778 incommoda
1714 3735 1945 3776 suarum
1971 3715 2209 3774 navium

319 3814 713 3887 considerant,
742 3836 957 3896 easque
981 3815 1116 3877 rudi
1135 3835 1312 3896 opere
1333 3823 1695 3876 constructas
1720 3833 1757 3873 a
1776 3811 2026 3873 Punicis
2047 3810 2208 3872 velo·
2235 3843 2421 3893 Florus.
2524 3843 2533 3848 ·

320 3913 502 3971 citate
529 3911 700 3990 longe
741 3913 999 3992 superari
1040 3921 1348 3993 reputant;
1371 3911 1552 3971 'venit
1574 3909 1810 3970 cuidam
1853 3909 1911 3967 in
1958 3917 2211 3967 mentem
2237 3941 2406 4008 Polyb.

321 4007 608 4068 machina*
634 4007 712 4068 ad
735 4007 1310 4090 comprehendendas
1333 4007 1585 4068 hostium
1615 4025 1792 4067 naves
1815 4003 2211 4083 tenendaeque

327 4103 511 4175 utilis,
536 4124 710 4184 quam
743 4104 1113 4185 postmodum
1145 4101 1431 4165 corvum⁶
1472 4110 1847 4164 vocaverunt.
1912 4101 2061 4178 Ejus
2088 4100 2213 4159 haec

928 4263 962 4309 6
996 4259 1127 4310 Edd-
1152 4266 1260 4309 ant.
1285 4258 1439 4310 Crev.
1461 4272 1638 4308 corvos.
