3025 4892
874 383 1078 434 mam
1130 384 1278 434 xn.
1323 385 1972 436 surrnssmnurun.
2402 363 2571 432 1425

348 534 560 594 derum
586 531 758 593 illata
796 534 1113 605 mentione,
1142 535 1235 595 fas
1259 555 1384 596 esse
1412 533 1705 594 Romanis
1735 543 1914 613 negat
1941 534 2246 596 Lacinium

350 630 810 711 promontorium
841 631 1367 712 praetemavigandi
1391 652 1406 692 :
1453 640 1469 667 ‘
1490 631 1727 692 obviam
1761 633 1831 691 iri
1857 632 2070 693 stolide
2097 631 2247 692 fero-

348 729 519 787 cibus
532 728 815 798 barbaris‚
834 730 1283 810 superbiamque
1299 729 1457 789 malo
1472 728 1770 801 coerceriss
1780 731 1976 808 jubet.
2023 728 2250 789 Accla-

348 833 478 885 mat
501 825 811 885 temeraria
836 826 1171 897 multitudo,
1208 847 1328 907 prae
1358 827 1640 886 continua
1672 826 1919 907 crapula
1953 846 2067 886 non
2098 828 2249 887 bene

351 922 569 981 mentis
590 942 849 1002 compos.
936 922 1219 984 Hominis
1252 923 1555 983 foedissimi
1579 922 1655 984 de
1681 932 1848 983 tanta
1875 944 1937 983 re
1962 922 2252 983 sententia

351 1019 617 1078 omnium
644 1038 878 1079 assensu
907 1020 1226 1101 accipitur:
1283 1040 1391 1080 nec
1419 1040 1604 1091 mora,
1631 1019 1955 1080 decurritur
1982 1019 2059 1079 ad
2088 1038 2253 1078 arma
2315 1062 2324 1071 .

353 1135 673 1195 navesque.
717 1114 1003 1187 Romani,
1023 1117 1244 1177 nullam
1261 1117 1338 1177 ad
1353 1138 1477 1177 rem
1497 1118 1688 1176 minus
1705 1136 1883 1197 quam
1893 1115 1969 1177 ad
1995 1134 2252 1196 pugnam

354 1212 571 1293 parati,
617 1211 772 1290 fugae
807 1232 870 1272 se
909 1214 1299 1274 committunt.
1371 1213 1494 1273 Sed
1522 1212 1788 1274 celeriter
1814 1211 2253 1292 insequentibus

354 1308 692 1369 Tarentinis
741 1307 1002 1370 evadunt
1040 1330 1219 1371 naves
1259 1311 1555 1391 quinque:
1619 1310 1862 1371 totidem
1913 1331 1951 1370 a
1991 1308 2253 1390 pluribus
2311 1318 2410 1368 Dio
2452 1320 2580 1383 apud

353 1406 769 1466 circumventae
803 1406 860 1465 in
908 1415 1138 1486 portum
1181 1407 1553 1486 rediguntur:
1612 1429 1689 1468 ex
1733 1407 1823 1468 his
1850 1406 2253 1487 deprimuntur
2277 1383 2585 1433 Fulmvnin.

356 1522 497 1563 cum
524 1502 651 1583 ipso
673 1500 980 1563 duumviro
1005 1512 1290 1583 quatuor:
1337 1524 1456 1565 una
1481 1505 1746 1586 capitur:
1789 1504 2051 1564 homines
2077 1510 2254 1563 aetate
2280 1452 2516 1565 gig-¹53.
2536 1517 2583 1563 ι.

360 1608 426 1661 et
457 1600 663 1661 robore
699 1599 937 1660 militari
970 1600 1433 1670 interficiuntur:
1476 1612 1677 1662 cetera
1713 1602 1884 1661 turba
1914 1602 1974 1661 in
2016 1601 2256 1660 servitu·
2279 1581 2478 1709 {man

362 1707 487 1757 tem
542 1695 828 1757 venditur.
916 1697 1068 1758 Mox
1122 1699 1198 1757 ab
1253 1698 1458 1758 eadem
1513 1699 1692 1759 animi
1744 1698 1985 1758 levitate
2037 1696 2258 1757 bellum
2332 1661 2365 1710 p
2482 1678 2497 1694 ’

359 1792 640 1853 Thurinis
665 1793 939 1866 inferunt,
966 1795 1374 1855 criminantes‘
1394 1815 1595 1855 eorum
1612 1815 1792 1876 opera
1820 1795 2161 1856 Romanum
2188 1812 2261 1854 ea

362 1890 425 1949 in
456 1890 589 1950 loca
611 1890 862 1960 venisse,
887 1892 1010 1971 qui,
1039 1890 1239 1953 Graeci
1271 1911 1407 1952 cum
1433 1902 1649 1963 essent,
1675 1893 1988 1952 barbaram
2005 1898 2259 1970 gentem,

362 2006 547 2067 qnam
570 1996 853 2066 cognatos
875 1988 1212 2068 vicinosque
1236 1987 1609 2059 Tarentinos,
1635 1989 1829 2049 dubiis
1853 1988 2026 2048 rebus
2055 1985 2263 2047 defen-

362 2104 526 2144 sores
576 2084 792 2144 babere
834 2083 1212 2145 maluissent!
1298 2085 1462 2147 Urbs
1515 2087 1575 2146 in
1619 2095 1968 2167 potestatem
2022 2082 2262 2143 redacta

363 2180 667 2262 diripitur:
696 2181 1008 2260 ejiciuntur
1031 2182 1354 2263 principes:
1388 2183 1721 2264 praesidium
1750 2182 2092 2243 Romanum
2120 2199 2260 2261 pac·
2375 2232 2382 2237 .

361 2286 430 2338 ta
455 2277 856 2338 incolumitate
881 2276 1213 2342 dimittitur.

446 2383 508 2435 9.
555 2374 771 2435 Romae
797 2397 858 2435 re
885 2376 1108 2448 audita,
1137 2386 1265 2437 erat
1286 2377 1523 2458 quidem
1550 2399 1655 2459 pro
1682 2375 2081 2456 magnitudine
2109 2374 2262 2451 inju-
2291 2375 2405 2424 Dio·

366 2473 470 2531 riae
501 2492 617 2532 non
643 2471 790 2532 levis
814 2472 1167 2552 indignatio:
1209 2475 1313 2535 sed
1341 2475 1564 2535 bellum
1583 2494 1796 2535 novum
1823 2494 1897 2533 ea
1921 2477 2264 2551 tempestate

367 2570 521 2628 sumi
557 2589 674 2629 non
708 2570 949 2649 placuit.
1034 2571 1304 2649 Legatio,
1343 2592 1479 2652 quae
1523 2571 1599 2631 de
1641 2571 1866 2650 injuriis
1906 2576 2262 2649 quereretur,
2322 2575 2430 2624 Liv.
2464 2573 2558 2638 Ep.

366 2666 635 2737 decreta,
663 2666 1121 2747 mandatumque
1169 2668 1399 2747 legatis,
1436 2678 1452 2704 ‘
1470 2677 1538 2728 ut
1575 2676 1784 2748 captos
1827 2666 2069 2735 restitui,
2097 2662 2262 2722 Thu·
2290 2656 2566 2770 {ahum-

368 2763 513 2822 riuis
554 2783 646 2823 res
685 2763 919 2823 ablatas
961 2773 1066 2824 aut
1097 2766 1545 2826 :estimationem
1579 2767 1804 2844 justam
1847 2760 2034 2832 reddi,
2059 2758 2269 2821 exules

368 2860 599 2932 reduci,
650 2881 841 2920 rernm
895 2861 1136 2922 istarum
1187 2872 1454 2924 auctores
1506 2861 1728 2944 populo
1798 2859 2077 2920 Romano
2128 2855 2269 2916 dedi

369 2957 776 3038 postularent)
862 2958 1035 3019 More
1064 2958 1406 3019 Graecarum
1434 2959 1664 3019 urbium
1690 2958 1749 3017 in
1778 2958 2008 3018 theatro
2034 2954 2271 3035 concio·-

372 3073 509 3115 nem
538 3054 740 3135 populi
766 3074 975 3134 cogere
1002 3055 1306 3115 Tarentini
1330 3056 1624 3115 solebant.
1695 3053 1844 3113 Huc
1874 3072 2026 3130 aegre
2053 3050 2269 3110 admis-

372 3152 423 3210 si
447 3152 632 3230 legati
656 3152 889 3212 turbam
916 3153 1197 3212 ebrietate
1238 3162 1300 3211 et
1322 3152 1446 3211 otio
1472 3151 1873 3212 lascivientem
1897 3153 2267 3228 repererunt:
2328 3155 2428 3205 Dio
2477 3171 2556 3229 ap.

374 3268 515 3309 nam
542 3258 669 3309 tum
696 3269 930 3328 quoque
957 3248 1084 3309 dies
1108 3248 1290 3309 festus
1315 3250 1621 3327 agebatur.
1674 3247 1773 3307 Ibi
1801 3266 1937 3307 cum
1964 3241 2273 3322 legationis
2294 3220 2603 3335 {amptum

370 3348 647 3427 ‚princeps
675 3345 745 3405 L.
778 3346 1116 3406 Postumius
1141 3346 1323 3408 verba
1360 3345 1559 3406 facere
1599 3365 1764 3406 orsus
1803 3350 1977 3412 esset,
2006 3338 2275 3401 ludibriis

377 3442 863 3524 petulantissima:
903 3442 1291 3503 multitudinis
1330 3452 1637 3523 exceptus,
1667 3441 1855 3501 multo
1880 3440 2062 3500 etiam
2088 3436 2274 3497 acrio-

377 3562 469 3601 res
520 3538 790 3601 odiorum
846 3560 1052 3601 causas
1115 3541 1316 3600 retulit
1378 3539 1663 3610 Romam,
1717 3556 1896 3618 quam
1961 3532 2276 3595 extulerat.
2305 3542 2446 3589 Oros.

381 3639 627 3719 Quippe
652 3648 774 3697 tam
802 3638 1142 3698 contemtim
1184 3638 1515 3697 habuerant
1556 3656 1714 3706 eum,
1757 3642 1824 3693 ut
1863 3631 2112 3691 sermoni
2153 3630 2281 3706 ejus

381 3735 456 3795 de
481 3743 682 3796 cetero
708 3735 949 3814 quidem
977 3734 1305 3795 attenderet
1328 3754 1500 3794 nemo
1524 3754 1541 3803 ;
1585 3731 1689 3791 sed
1717 3728 1945 3809 quoties
1971 3724 2198 3806 aliquid
2215 3732 2281 3782 ut

381 3832 458 3891 ab
499 3832 733 3892 homine
781 3830 1058 3891 Romano
1100 3850 1304 3912 parum
1348 3829 1564 3889 Graece
1607 3826 1896 3908 prolatum
1940 3831 2111 3891 esset,
2155 3829 2281 3881 tota
2304 3817 2439 3933 {2¹3³
2472 3832 2606 3931 ⁸311}-

382 3932 587 3990 concio
627 3928 949 3996 solveretur
989 3929 1049 3987 in
1094 3928 1308 3996 risum:
1354 3927 1665 3987 barbarum
1694 3925 2058 4002 increpantes
2080 3917 2280 3978 convi—
2347 3900 2375 3932 ¹¹
2432 3920 2444 3933 ’
2597 3916 2610 3929 '

384 4028 711 4095 ciarenmn
758 4024 982 4086 cultum
1011 4024 1354 4103 legatorum,
1384 4043 1520 4083 nam
1552 4021 1738 4100 togati
1780 4017 2048 4088 aderant,
2075 4014 2279 4095 explo-
2308 4028 2423 4077 Dio.

383 4128 624 4192 derent:
668 4131 964 4204 postremo
987 4122 1164 4183 etiam
1192 4122 1421 4182 theatro
1444 4117 1843 4187 extruderent,
1859 4117 2002 4194 jura
2026 4112 2283 4192 gentium
2310 4126 2517 4192 Dionys.

389 4223 782 4306 nequicquam
850 4220 1208 4281 invocantes.
1294 4216 1543 4277 Foedum
1612 4214 1745 4275 inde
1813 4213 1999 4283 dictu,
2053 4209 2154 4272 sed
2208 4206 2286 4267 ad
