3025 4892
565 345 740 414 1888
1505 360 1576 410 τ.
1626 359 1811 412 mvn

569 528 745 593 suit:
792 525 986 604 aliosi,
1031 545 1174 610 prae
1220 543 1293 589 se
1337 529 1561 588 actam
1610 522 1910 608 praedam
1961 542 2050 587 ex
2102 522 2278 606 agris
2321 526 2723 603 ostentantes,

571 627 964 712 obequitare
998 629 1205 711 portis
1227 627 1457 711 jussit.
1504 625 1585 691 In
1619 645 1815 710 quoe,
1848 626 2011 711 quia
2039 647 2159 692 nec
2188 627 2379 692 multi
2410 633 2476 691 et
2502 627 2724 691 incom-

570 730 773 814 positi
809 728 1230 805 videbantur,
1264 750 1415 793 cum
1439 736 1659 794 turma
1680 729 1977 813 equitum
2010 731 2370 814 erupisset,
2402 730 2486 794 ab
2516 728 2726 794 ceden-

571 833 756 898 tibus
810 832 1115 897 consulto
1175 840 1390 898 tracta
1448 832 1516 897 in
1577 832 1878 910 insidiae,
1928 833 2375 897 circumventa
2425 840 2572 897 est:
2627 851 2728 897 uec

570 936 896 1000 evasisset
927 935 1303 1019 quisquam,
1335 935 1448 999 ni⁵
1500 954 1681 998 mare
1702 936 2150 1019 propinquum
2189 942 2261 999 et
2303 933 2479 1001 haud
2526 932 2727 1019 procul

567 1037 793 1103 littore
826 1057 1058 1110 naves,
1074 1037 1459 1122 piscatoriae
1491 1038 1853 1122 pleraeque,
1884 1044 2269 1122 conspectae
2301 1038 2535 1122 peritis
2556 1036 2731 1101 nandi

572 1138 922 1204 dedissent
957 1139 1291 1222 effugium.
1378 1139 1666 1224 Aliquot
1714 1147 1930 1205 tamen
1977 1161 2060 1205 eo
2091 1140 2326 1225 praelio
2359 1140 2611 1204 nobiles
2641 1139 2733 1223 ju-

571 1259 781 1306 venes
813 1242 990 1325 capti
1025 1242 1320 1325 caesique
1338 1252 1493 1306 sunt
1517 1261 1535 1307 ς
1555 1239 1584 1281 ⁶
1614 1242 1779 1306 inter
1812 1262 1981 1326 quos
2003 1250 2074 1307 et
2104 1244 2382 1326 Hegeas
2411 1241 2733 1328 praefectus

573 1344 900 1427 equitum,
951 1344 1504 1426 intemperantius
1559 1344 1872 1409 cedentes
1922 1351 2220 1423 secutus,
2268 1343 2562 1408 cecidit.⁷
2643 1341 2732 1405 Ab

573 1447 738 1512 urbe
767 1446 1217 1532 oppugnanda
1261 1445 1552 1511 Poenum
1595 1447 2053 1513 absterruere¹⁵
2091 1454 2458 1532 conspecta
2499 1445 2735 1520 moenia,

571 1549 1088 1633 haudquaquam
1114 1555 1377 1633 promta
1408 1549 1873 1634 oppugnanti!

657 1653 724 1717 2.
772 1651 940 1715 Inde
974 1650 1279 1735 Capuam
1307 1652 1520 1717 flectit
1545 1653 1695 1730 iter,
1746 1651 2194 1717 luxuriantem
2223 1653 2417 1734 longa
2451 1652 2738 1717 felicitate

575 1761 775 1838 atque
827 1753 1235 1834 indulgentia
1279 1752 1594 1834 fortunae,
1629 1756 1926 1820 maxime
1967 1761 2217 1831 tamen,
2251 1757 2423 1821 inter
2459 1762 2740 1839 corrupta

576 1857 824 1936 omnia,
870 1857 1148 1922 licentia
1190 1859 1435 1943 plebia,
1484 1860 1631 1923 sine
1683 1858 1884 1924 modo
1933 1859 2314 1923 libertatem
2375 1859 2742 1924 exercentis,

574 1960 884 2028 Senatum
918 1968 986 2026 et
1013 1960 1149 2025 sibi
1189 1967 1255 2026 et
1285 1962 1467 2045 plebi
1513 1963 1879 2027 obnoxium
1912 1962 2298 2027 Pacuvius⁹
2329 1962 2639 2027 Calavius
2667 1960 2743 2024 fe·

575 2068 760 2128 cerat
772 2083 798 2145 3
844 2063 1085 2127 nobilis
1113 2062 1290 2128 idem
1317 2083 1397 2128 ac
1426 2064 1780 2149 popularis
1824 2065 2049 2142 bomo,
2077 2072 2368 2130 ceterum
2399 2066 2593 2130 malis
2617 2066 2745 2128 arti·

574 2165 703 2230 bus
754 2173 1040 2229 nanctus
1061 2173 1114 2203 ¹0
1162 2185 1354 2251 opes.
1445 2167 1520 2232 Is
1562 2188 1715 2233 cum
1758 2188 1839 2234 eo
1869 2169 2034 2235 forte
2065 2188 2261 2246 anno,
2288 2188 2427 2253 quo
2457 2189 2564 2234 res
2594 2166 2744 2232 male

575 2274 760 2350 gesta
788 2267 875 2331 ad
919 2267 1378 2333 Trasimenum
1412 2278 1541 2348 est,
1572 2272 1637 2336 in
1681 2292 1946 2337 summo
1979 2274 2359 2353 magistratu
2386 2279 2588 2351 esset,
2622 2271 2744 2354 jam

578 2369 696 2434 diu
717 2370 1023 2436 infestam
1055 2373 1315 2436 senatui
1346 2373 1603 2457 plebem
1634 2384 1842 2455 ratuS,
1866 2395 1991 2460 per
2021 2375 2452 2440 occasionem
2482 2372 2744 2441 novandi

575 2492 707 2550 res,
738 2493 1050 2556 magnum
1097 2494 1407 2540 ausuram
1452 2477 1735 2557 sacione,
1769 2487 1868 2556 ut,
1901 2480 1961 2544 si
2007 2479 2073 2543 in
2113 2497 2197 2544 oa
2239 2479 2394 2544 loca
2426 2474 2746 2543 Hannibal

578 2593 727 2639 cum
773 2575 1028 2641 victore
1081 2576 1379 2642 exercitu
1435 2582 1753 2658 venisset,
1802 2581 2142 2647 trucidato
2189 2588 2424 2647 senatu
2488 2580 2748 2647 traderet

577 2674 885 2762 Capuam
941 2678 1214 2768 Poenis3
1280 2680 1632 2765 improbus
1682 2683 1909 2763 homo,
1960 2683 2082 2748 sed
2126 2704 2253 2748 non
2283 2684 2370 2749 ad
2402 2690 2748 2749 extremum

577 2779 901 2864 perditus,
947 2800 1099 2847 cum
1150 2782 1388 2848 mallet
1438 2784 1782 2861 incolumi,
1826 2806 2029 2870 quam
2080 2806 2339 2865 eversa,
2386 2805 2457 2851 re
2501 2786 2752 2870 publica

580 2880 927 2962 dominari,
973 2885 1222 2950 nullam
1254 2891 1476 2951 autem
1524 2887 1925 2953 incolumem
1972 2909 2126 2954 esse
2166 2890 2472 2955 orbatam
2506 2888 2751 2974 publico

581 2986 862 3051 consilio
906 2987 1225 3064 crederet,
1256 2987 1577 3055 rationem
1620 2990 1793 3068 iniit,
1827 3011 1966 3076 qua
2007 3000 2077 3057 et
2120 2999 2421 3058 senatum
2467 2999 2754 3067 servaret,

581 3095 654 3152 et
683 3088 1051 3154 obnoxium
1092 3091 1223 3154 sibi
1269 3111 1353 3156 ac
1397 3093 1578 3176 plebi
1624 3093 1902 3160 faceret.
1995 3095 2267 3162 Vocato
2308 3104 2566 3176 senatu,
2597 3114 2754 3170 cum,

581 3190 751 3255 ‘sibi
800 3191 1199 3258 defectionis
1246 3196 1334 3260 ab
1392 3195 1717 3264 Romanis
1763 3197 2111 3264 consilium
2156 3200 2558 3285 placiturum
2591 3195 2755 3265 nullo

648 3356 670 3391 ⁸
707 3360 829 3416 Qnoe
848 3374 939 3410 non
963 3360 1035 3410 ita
1054 3359 1206 3421 focile
1228 3364 1491 3426 oppugnari
1509 3370 1746 3428 puer-nt.

580 3594 686 3638 vet.
712 3586 796 3636 lib.
822 3587 962 3652 apud
986 3589 1161 3646 Sigon.
1194 3591 1469 3654 βιαία-5
1507 3594 1595 3646 ΑΙ.
1640 3597 1853 3648 ἀἰαῖ-6
1888 3597 2027 3648 Olim
2067 3596 2356 3662 legebatur,
2388 3597 2567 3649 nowen
2587 3596 2762 3659 jucun

580 3653 693 3703 σαί
711 3658 939 3705 ηιμ-7
976 3654 1113 3705 Inter
1134 3672 1248 3719 quos
1262 3663 1311 3707 et
1340 3656 1536 3719 Hegeas
1548 3661 1820 3724 prosectu,
1841 3665 1924 3726 ξε.
1945 3663 2195 3726 fugientes
2211 3670 2404 3714 secum
2429 3665 2621 3713 cecidit.
2661 3662 2755 3710 Vox

582 3717 764 3767 ultima
785 3718 919 3770 baud
945 3720 1102 3771 dubie
1125 3721 1268 3771 venit
1286 3721 1353 3771 ab
1378 3737 1461 3786 eo,
1481 3727 1572 3787 qui
1593 3727 1790 3778 Livium
1809 3729 2080 3791 ignoravit.
2147 3729 2304 3779 Certe
2323 3742 2421 3792 ego
2444 3743 2543 3791 pro
2565 3729 2757 3779 Livium

586 3784 887 3833 nullatenus
910 3786 1204 3837 admittam.
1271 3784 1423 3836 Infra
1457 3803 1576 3853 cap.
1611 3795 1694 3841 8⁸.
1730 3799 1744 3821 ‘
1765 3793 1828 3844 In
1865 3794 2000 3844 lianc
2022 3794 2402 3843 dimicationem
2426 3808 2606 3844 omnes
2630 3804 2756 3856 reges

586 3858 873 3912 gentesque
899 3851 1097 3900 animo·
1133 3851 1467 3903 intenderant
1491 3871 1505 3904 :
1543 3856 1683 3906 inter
1698 3872 1825 3921 qnos
1849 3858 2122 3923 Philippus
2147 3860 2490 3909 Macedonum
2515 3856 2643 3909 παῖ
2702 3856 2758 3906 Et

584 3913 657 3964 ita
680 3912 906 3977 passim?
938 3915 1050 3966 δυσ.
1072 3915 1382 3967 Groneia—8
1414 3919 1706 3972 Abstinere
1729 3923 1866 3974 Edd.
1891 3926 2124 3989 plerique
2148 3933 2270 3976 ante
2295 3926 2523 3975 Gronov.

647 3982 681 4028 9
714 3977 1015 4043 Legendum
1043 3989 1193 4046 putat
1214 3982 1394 4047 Sigon.
1413 3984 1657 4036 Pacullam·
1720 3987 1783 4037 In
1809 3996 1937 4040 vett.
1954 3989 2079 4042 libb.
2097 3998 2178 4042 est
2202 3990 2562 4042 Pucinum—1⁰
2595 3987 2760 4038 Nam

1573 4117 1788 4168 NOTAE

584 4204 685 4254 tuit
722 4205 1050 4270 Mopsiorum.-
1085 4205 1642 4262 Cluverius'Statiano·
1728 4214 1801 4266 tio
1825 4223 1958 4267 erat·

584 4293 688 4329 m
707 4281 832 4347 legit
855 4297 871 4345 ς
904 4282 996 4333 sed
1020 4281 1132 4334 bec
1155 4284 1317 4351 ipsius
1338 4287 1510 4339 Trebil
1534 4285 1641 4340 fac-
