3025 4892
951 401 1094 449 mn.
1143 400 1372 448 xx1v.
1419 402 1586 448 car.
1631 384 1736 448 41.
2256 385 2436 449 2059

230 549 376 615 sis⁷
436 548 741 628 navibus,
795 551 971 611 'terra
1032 546 1497 612 Macedoniam
1550 544 1754 630 petiit,
1806 564 2052 627 magna
2095 564 2183 610 ex
2235 558 2425 631 parte

227 652 461 717 inermi
487 650 788 717 exercitu
816 649 1268 735 spoliatoque.
1359 648 1671 715 Romana
1697 649 1937 713 classis
1966 668 2117 714 cnm
2154 647 2252 712 M.
2282 649 2423 715 Va·

227 754 400 820 letio
427 754 616 819 Orici
644 753 1067 837 hybernavit.

313 857 427 921 41.
471 856 730 922 Eodem
790 876 963 923 anno
1008 859 1076 922 in
1129 857 1475 941 Hispania
1534 858 1716 922 varie
1768 876 1874 921 res
1920 864 2152 939 gestae.
2243 857 2423 923 Nam

226 960 446 1044 prins,
473 963 679 1045 quam
733 959 1025 1025 Romani
1078 980 1334 1024 amnem
1388 960 1656 1026 Iberum
1707 960 2079 1035 transirent,
2126 962 2427 1043 ingentes

227 1064 467 1147 copias
499 1063 966 1147 Hispanorum
1008 1064 1220 1147 Mago
1264 1071 1331 1128 et
1380 1062 1772 1129 Hasdrubal
1807 1063 2135 1127 fuderunt.
2226 1063 2427 1128 Dese·

225 1166 572 1251 cissetque
623 1168 710 1231 ab
763 1166 1090 1232 Romanis
1120 1167 1392 1231 ulterior
1441 1166 1800 1251 Hispania,
1833 1168 1898 1231 ni
1939 1166 2021 1230 P.
2056 1165 2427 1241 Cornelius,

226 1271 471 1352 raptim
522 1268 832 1334 traducto
884 1273 1185 1336 exercitu
1237 1271 1533 1349 Iberum,
1565 1270 1791 1335 dubiis
1822 1272 2152 1334 sociorum
2186 1271 2427 1333 animis

225 1372 300 1434 in
331 1377 622 1456 tempore
653 1370 1059 1437 advenisset.
1148 1373 1376 1438 Primo
1408 1374 1493 1437 ad
1525 1379 1815 1438 castrum
1849 1370 2082 1437 Altum
2106 1379 2173 1415 ⁸⁰
2198 1372 2429 1455 (locus

227 1480 343 1537 est
383 1474 660 1556 insignis
712 1474 902 1538 caede
954 1477 1176 1558 magni
1226 1474 1677 1557 Hamilcaris)
1719 1481 1940 1540 castra
1983 1474 2271 1540 Romani
2316 1474 2427 1538 hu-

227 1577 451 1643 buere.
537 1575 687 1641 Arx
721 1586 865 1642 erat
894 1581 1164 1654 munita,
1191 1585 1261 1643 et
1309 1587 1776 1643 convexerant
1823 1583 1977 1642 ante
2005 1576 2430 1641 frumentum.

227 1679 518 1758 Tamen,
551 1681 712 1764 quia
744 1683 964 1745 omnia
1010 1681 1194 1744 circa
1237 1680 1527 1744 bostium
1579 1680 1779 1763 plena
1828 1684 2032 1755 erant,
2065 1697 2432 1761 agmenque

230 1780 616 1846 Romanum
647 1783 921 1867 impune
967 1785 1423 1847 incursatnm⁹
1463 1785 1551 1848 ab
1589 1782 1932 1866 equitibus
1963 1781 2254 1845 bostium
2288 1780 2431 1846 fue-

229 1889 357 1956 rat,
408 1894 475 1949 et
521 1884 607 1948 ad
661 1884 797 1949 dno
851 1886 1081 1962 millia,
1130 1895 1249 1949 aut
1301 1892 1712 1950 moratorum
1744 1894 1866 1950 aut
1909 1884 2279 1969 palantium
2314 1905 2434 1968 per

234 2006 457 2068 agros,
488 1986 859 2064 interfecta,
889 2007 1153 2051 cessere
1184 1988 1339 2051 inde
1371 1987 1665 2051 Romani
1719 1990 1992 2072 propius
2041 1996 2289 2071 pacata
2335 1988 2435 2050 1οὸ

232 2097 399 2159 ca,¹⁰
426 2097 495 2154 et
538 2089 623 2154 ad
657 2096 949 2155 montem
982 2086 1310 2157 Victoriae
1331 2100 1349 2131 ¹
1362 2100 1381 2131 ¹
1402 2089 1430 2127 ‘¹
1464 2097 1685 2155 castra
1719 2092 2238 2156 communirere.
2333 2089 2432 2152 Eo

231 2190 358 2255 Cn.
417 2192 649 2277 Scipio
696 2212 849 2256 cum
904 2194 1214 2258 omnibus
1274 2194 1517 2278 copiis,
1563 2201 1630 2259 et
1670 2192 2067 2259 Hasdrubal
2114 2192 2436 2273 Gisgonis

231 2291 441 2369 filius,
487 2296 723 2358 tertius
774 2294 1426 2378 Carthaginiensium
1483 2296 1650 2373 dux,
1703 2316 1857 2361 cum
1910 2296 2211 2359 exercitu
2249 2295 2435 2376 justo

233 2394 543 2460 advenit:
591 2404 954 2481 contraque
998 2405 1223 2462 castra
1268 2396 1576 2462 Romana
1618 2406 1796 2463 trans
1840 2397 2161 2462 fluvium‘
2198 2415 2435 2460 omnes

232 2497 616 2561 consedere.
713 2499 796 2564 P.
845 2499 1105 2583 Scipio,
1159 2521 1311 2564 cum
1362 2501 1699 2585 expeditis
1745 2500 1918 2565 clam
1969 2498 2308 2584 profectus
2349 2496 2435 2561 ad

230 2598 393 2663 loca
438 2601 617 2665 circa
656 2602 964 2679 visenda,
1007 2601 1185 2666 haud
1238 2602 1468 2667 fefellit
1511 2602 1767 2667 hostes:
1814 2602 2434 2686 oppressissentque

233 2721 392 2766 eum
423 2703 488 2766 in
519 2705 898 2787 patentibus
929 2707 1211 2789 campis»,
1244 2706 1310 2770 ni
1342 2704 1660 2770 tumulum
1699 2705 1766 2769 in
1809 2704 2181 2788 propinquo
2214 2702 2436 2785 cepis-

233 2812 364 2869 set.
449 2806 560 2870 Ibi
611 2826 877 2891 quoque
926 2808 1414 2874 circumsessus
1466 2808 1755 2872 adventu
1808 2808 2027 2872 fratris
2083 2803 2438 2869 obsidione

233 2908 571 2973 eximitur.
662 2908 965 2989 castule,
1007 2908 1205 2974 urbs‘
1246 2911 1604 2994 Hispaniae
1651 2910 1880 2975 valida
1929 2928 2012 2973 ac
2065 2907 2330 2983 nobiliS,
2375 2913 2440 2969 et

1159 3091 1308 3111 0060&
1316 3090 1523 3111 ”OOOOO

234 3207 268 3253 6
306 3202 533 3252 Hostium
555 3201 689 3251 Edd
716 3208 839 3254 aute
861 3202 1091 3254 Gronov.
1095 3208 1191 3254 —7
1225 3203 1525 3268 negendam
1549 3207 1724 3253 monet
1745 3203 1891 3254 Dok.
1916 3203 2162 3253 subductis
2188 3209 2329 3267 atque
2365 3203 2437 3252 in

234 3269 411 3329 censis,
473 3267 616 3316 robb.
642 3268 720 3316 Ru
726 3275 862 3330 pm
886 3276 941 3317 et
967 3269 1165 3318 Stroth.

450 3337 628 3380 astrum
645 3332 823 3382 Album
847 3332 980 3382 bene
1004 3334 1137 3397 conj.
1181 3332 1359 3382 Drak.⁹
1397 3332 1600 3395 Rupert.
1603 3337 1700 3383 -9
1734 3334 1964 3395 Fulvius,
1996 3334 2259 3395 ἰηψονιωιι
2295 3348 2438 3382 vexa·

236 3403 368 3445 tum.-
402 3395 535 3458 quod
574 3404 718 3445 certo
751 3398 859 3445 ocio
894 3398 1025 3446 Livii
1059 3412 1158 3446 non
1183 3412 1316 3446 esse.
1382 3398 1506 3446 Pnt.
1537 3398 1724 3461 impune
1743 3398 2061 3447 iuver-satum.-
2098 3412 2262 3458 neque
2281 3398 2440 3446 aliter

238 3463 343 3509 duo
382 3460 503 3509 Pet.
538 3460 689 3512 Voss.
721 3460 824 3509 duo
857 3461 994 3511 Pan.
1030 3471 1084 3511 et
1121 3462 1267 3510 Men.
1335 3459 1444 3510 Aut
1477 3476 1597 3509 vera
1624 3469 1706 3509 est
1734 3462 1848 3523 vulg
1833 3472 1957 3519 ata,
1979 3471 2069 3509 aut
2092 3461 2440 3519 scribendum,

236 3528 427 3589 impune
447 3525 758 3576 mum!
789 3525 843 3577 J.
877 3527 939 3576 F.
963 3527 1193 3577 Gronov.
1197 3529 1326 3574 —10
1359 3526 1460 3575 Per
1489 3539 1628 3588 prun
1659 3540 1707 3588 ρ.
1731 3527 1765 3573 l.
1802 3481 1906 3575 vb.et
1947 3526 2036 3574 lib.
2072 3540 2158 3589 ap·
2194 3526 2438 3589 Sigon.—

1228 3653 1452 3705 NOTAE

302 3761 327 3788 θ
357 3752 440 3802 Aa
457 3756 667 3802 ecetram
683 3750 877 3815 Altum]
912 3750 1179 3816 Oppidum
1200 3748 1302 3800 fnit
1383 3749 1674 3814 Orospeda
1694 3750 1884 3801 monti·
1906 3748 1969 3799 ad
1993 3750 2230 3801 dextram
2252 3752 2440 3801 Sucro-

239 3829 522 3886 Lusouuur,
545 3829 631 3892 qni
656 3843 772 3892 pars
793 3828 1191 3878 Celtiberorum.
1237 3827 1299 3877 Ei
1381 3829 1481 3893 nis,
1502 3842 1605 3877 nou
1625 3827 1807 3892 procul
1831 3828 1959 3877 Ana
1981 3825 2227 3888 fontibus,
2243 3829 2291 3875 iu
2315 3828 2442 3877 Bas·

237 3912 427 3970 poete·
459 3918 646 3954 nomen
685 3905 895 3966 Valerio,
918 3905 982 3954 ad
1015 3904 1300 3954 Sucronem
1385 3907 1668 3956 titanorum
1697 3904 1903 3963 finibus,
1937 3919 2036 3970 qua
2069 3905 2235 3955 Sim-a
2264 3908 2323 3955 de
2356 3906 2444 3954 Al-

236 3981 293 4035 fl.
315 3982 406 4047 qui
424 3994 564 4032 nuuc
585 3983 772 4032 er.
827 3983 1058 4032 Putatnr
1078 3995 1192 4030 esse
1211 3982 1301 4031 ho·
1382 3997 1523 4033 car-az
1549 3979 1616 4031 ad
1640 3982 2060 4045 septemtrionem
2086 3982 2305 4032 maxime
2329 3996 2444 4030 ver·

239 4059 328 4109 die
355 4059 566 4122 Concha,
580 4059 924 4125 Episcopatus
945 4061 997 4109 in
1021 4073 1157 4108 nova
1176 4060 1304 4110 Ca·-
1385 4061 1481 4125 git,
1504 4058 1569 4107 ad
1589 4058 1834 4122 oppidum
1857 4057 2101 4108 Allmcete.

239 4137 391 4199 tella,
435 4136 654 4200 ejusque
698 4143 871 4187 tractu
915 4151 1068 4203 quem
1112 4137 1307 4188 Ser-rum
1449 4144 1472 4170 0
1507 4136 1659 4186 Ram
1673 4134 1905 4201 flavium]
1936 4134 2210 4186 Debuerat
2229 4134 2442 4184 fluvium

242 4218 472 4262 vocant:
509 4214 661 4277 vulgo
687 4214 891 4264 Caenea.
1385 4213 1672 4264 nominare.
1738 4212 2135 4265 Nuncincertoe
2158 4212 2441 4279 relinquit:

309 4288 336 4323 ⁴¹
369 4290 454 4340 Aa
488 4295 691 4341 mmm
733 4289 984 4356 Victoria]
1025 4291 1148 4343 Fuit
1186 4305 1307 4355 pars
1385 4290 1575 4356 Anam,
1594 4295 1742 4356 puto,
1762 4288 2024 4355 intelligit.
