3025 4892
1059 372 1204 423 ms.
1250 372 1457 424 xxn.
1498 373 1666 424 esp.
1706 356 1774 421 Δ.
2336 360 2523 429 1775

409 520 474 585 4.
522 518 891 599 Hannibal,
922 519 1107 604 quod
1137 521 1283 603 agri
1308 527 1420 585 est
1439 519 1610 586 inter
1638 519 1998 586 Cortonam
2020 528 2050 568 ‘¹
2097 521 2324 587 urbem
2353 524 2522 590 Tra-

324 623 789 708 simenumque
810 623 1083 699 lacum}
1113 624 1297 689 omni
1326 625 1521 690 clade
1547 623 1713 690 belli
1743 629 2114 709 pervastat,
2144 646 2279 710 quo
2307 628 2522 711 magis

321 728 491 792 iram
519 726 701 792 hosti
725 724 812 792 ad
835 726 1266 793 vindicandas
1289 727 1623 794 sociorum
1642 727 1922 811 injurias
1944 734 2174 793 acuat.
2264 730 2353 794 Et
2374 729 2522 813 jam

323 834 758 911 pervenerant
784 828 869 893 ad
902 829 1055 895 loca
1082 829 1347 894 insidiis
1378 837 1559 907 nata,
1582 831 1697 895 ubi
1745 830 2036 895 maxime
2064 836 2323 897 montes
2354 832 2523 898 Cor·
2592 841 2593 844 ’

322 941 645 999 tonenses
674 933 1106 1000 Trasimenus
1129 941 1185 983 ¹4
1228 934 1450 999 subit.⁸
1537 933 1678 1000 Via
1699 939 1953 1000 tantum
1982 934 2262 1001 interest
2289 956 2522 1021 peran-

242 1025 257 1041 ”
320 1045 548 1118 gusta,
579 1037 765 1101 velut
795 1037 881 1102 ad
914 1036 983 1101 id
1015 1037 1244 1121 ipsum
1275 1036 1360 1102 de
1387 1037 1725 1103 industria
1751 1037 1986 1103 relicto
2004 1041 2263 1123 spatio:
2285 1038 2523 1104 deinde

320 1140 530 1222 paulo
558 1139 756 1206 latior
782 1141 1073 1224 patescit
1101 1160 1385 1226 campus
1410 1161 1430 1221 ς
1474 1141 1630 1207 inde
1652 1141 1862 1206 colles
1883 1150 2320 1224 assurgunt.¹⁵
2410 1142 2523 1206 Ibi

319 1256 550 1311 castra
579 1247 646 1310 in
675 1253 914 1330 aperto
945 1245 1154 1323 locat,
1187 1245 1301 1310 ubi
1343 1247 1492 1329 ipse
1520 1266 1671 1311 cum
1700 1243 1888 1311 Afris
1917 1246 2121 1312 modo
2152 1246 2522 1330 Hispanis-

319 1367 460 1432 que
510 1349 910 1414 consideret.
1001 1348 1307 1414 Baliares
1359 1356 1788 1435 ceteramque
1837 1350 2059 1415 levem
2119 1356 2522 1415 armaturam

317 1457 482 1534 post
510 1459 773 1517 montes
815 1450 1293 1518 circumducit:
1337 1452 1594 1536 equites
1625 1451 1712 1517 ad
1762 1452 1955 1535 ipsas
2002 1451 2234 1516 fauces
2282 1453 2521 1532 saltus,

322 1557 604 1620 tumulis
635 1564 796 1640 apte
827 1556 1226 1640 tegentibuS‚
1256 1555 1485 1636 loeat3
1531 1563 1636 1635 nt,
1675 1557 1789 1622 ubi
1817 1556 2173 1622 intrassent
2208 1555 2521 1635 Romani,

319 1658 599 1742 obJecto
627 1659 955 1744 equitatu,
986 1658 1222 1723 clausa
1275 1658 1506 1724 omnia
1542 1658 1700 1725 lacu
1754 1679 1838 1725 ao
1886 1660 2221 1726 montibus
2269 1667 2520 1725 essent.

321 1758 698 1826 Flaminius
728 1780 882 1826 cnm
934 1759 1153 1845 pridie
1192 1760 1359 1826 solis
1390 1780 1642 1827 occasu
1688 1761 1778 1827 ad
1818 1763 2038 1829 lacum
2080 1763 2525 1847 pervenisset,

315 1862 793 1946 inexplorato,‘
834 1871 1105 1948 postero
1135 1863 1273 1942 die,
1306 1864 1423 1929 vix
1443 1864 1602 1930 dum
1633 1866 1808 1931 satis
1839 1871 2021 1932 certa
2057 1867 2237 1944 luce,
2281 1884 2527 1950 angus-

316 1965 434 2031 tiis
467 1966 833 2050 superatis,
854 1972 1214 2050 postquam
1259 1967 1327 2031 in
1361 1968 1807 2053 patentiorem
1835 1989 2146 2055 campum
2177 1969 2382 2054 pandi
2412 1990 2527 2053 ag·

317 2087 478 2133 men
507 2071 745 2154 coepit,
776 2069 847 2135 id
878 2075 1137 2135 tantum
1162 2070 1477 2149 hostium,
1507 2072 1694 2157 quod
1722 2092 1810 2137 ex
1844 2073 2134 2139 adverso
2172 2079 2336 2151 erat,
2366 2090 2529 2138 con·

325 2172 595 2254 spexit:
616 2171 668 2213 ¹⁶
732 2173 820 2238 ab
867 2181 1050 2257 tergo
1096 2182 1166 2239 et
1222 2194 1427 2260 super
1475 2184 1688 2262 caput
1734 2176 2059 2261 decepere
2088 2185 2139 2227 ¹⁷
2210 2175 2527 2243 insidians

377 2384 430 2489 ᾧ
449 2373 594 2426 Illum
625 2374 814 2428 insidia
850 2376 1109 2440 latuerunt,
1146 2390 1264 2441 quas
1284 2379 1387 2426 tunt
1407 2391 1436 2424 a
1457 2379 1614 2439 tergo,
1633 2380 1737 2427 tm
1756 2391 1898 2442 supra
1916 2381 2059 2441 eaput
2084 2374 2334 2428 Hannibal
2362 2380 2528 2428 urus·

326 2454 377 2488 er
435 2472 454 2487 .

1245 2534 1609 2558 “Oenone“

390 2661 457 2707 14
496 2655 576 2706 ΑΙ.
617 2657 977 2717 Thrasumenns,
1010 2657 1375 2723 Thrasymennus,
1402 2658 1753 2713 Thrasimenus,
1780 2655 2112 2705 Trasumennus.
2181 2654 2310 2705 Mss.
2332 2654 2387 2704 in
2412 2655 2531 2706 Tra-

321 2724 703 2773 simenum—1⁵
740 2723 866 2772 Pur.
890 2732 946 2772 et
980 2724 1105 2786 Reg.
1127 2724 1597 2786 musurgam—16
1630 2722 1832 2786 Aspexit
1859 2720 1994 2771 Edd.
2020 2734 2198 2771 omnes
2221 2729 2343 2770 ante
2364 2721 2531 2772 Drak-

321 2793 454 2837 -17
489 2793 506 2817 ‘
533 2787 622 2837 Its
656 2802 721 2837 ex
756 2789 914 2850 Lipxii
936 2789 1236 2853 conjectura
1260 2789 1582 2839 recentiores
1607 2788 1742 2838 Edu.
1775 2794 2100 2851 receperunt.
2167 2786 2232 2835 ln
2265 2785 2529 2851 plerisque

322 2853 458 2903 Mss.
481 2863 561 2902 est
582 2854 807 2916 decepte,
823 2852 916 2918 (de
939 2868 1039 2919 quo
1063 2854 1252 2903 erroris
1274 2868 1465 2917 genere
1489 2852 1594 2902 vid.
1614 2851 1905 2903 Gronovius
1924 2851 1988 2900 ad
2007 2851 2141 2901 Livii
2161 2851 2247 2900 lib.
2271 2864 2349 2901 vt.
2364 2865 2413 2900 c.
2432 2855 2480 2900 8.
2500 2852 2532 2915 ᾧ

321 2919 404 2984 8.)
433 2920 487 2968 in
520 2920 755 2983 reliquis,
781 2921 916 2968 sient
947 2918 999 2968 in
1032 2918 1166 2969 Edd.
1199 2924 1331 2970 vett.
1368 2919 1625 2982 omnibus,
1651 2920 1866 2969 detectam
1930 2917 2127 2967 Forsan
2157 2917 2277 2967 olim
2310 2916 2531 2966 inlibris

325 2991 464 3048 erat,
483 2984 546 3034 ab
581 2989 716 3048 tergo
747 2990 795 3034 et
827 2999 966 3050 super
994 2989 1133 3049 caput
1154 2984 1269 3036 haut
1300 2987 1497 3036 detecta
1532 2983 1723 3036 insidia
1737 3001 1758 3045 ,-
1792 2983 1916 3034 eliso
1936 2984 2011 3046 τῷ·
2030 2983 2145 3034 haut
2168 2989 2386 3049 propter
2409 2982 2533 3032 viei-

1329 3113 1544 3167 No‘rAE

388 3237 416 3272 «ι
451 3227 590 3278 Inter
610 3227 888 3291 Cortonam]
915 3229 1139 3279 Cortona
1158 3229 1386 3279 Etruriae
1464 3228 1519 3278 di
1542 3228 1792 3290 Per-aggia
1828 3227 2141 3292 appellatur,
2164 3228 2352 3293 partim
2374 3228 2535 3280 etiam

325 3305 450 3356 urbs
472 3306 612 3356 ultra
632 3305 834 3355 clanim
858 3303 911 3356 fl.
934 3314 987 3354 et
1013 3306 1272 3355 Clusinum
1299 3320 1386 3368 pa·
1468 3307 1606 3368 Lago
1637 3308 1689 3356 di
1717 3307 2011 3369 Castiglione
2047 3307 2113 3357 ab
2140 3308 2307 3357 altero
2341 3307 2535 3372 oppido

325 3384 525 3447 tndem,
592 3382 658 3432 ad
704 3390 905 3432 montes
958 3383 1044 3447 qui
1088 3382 1389 3432 Trasimeno
1468 3383 1638 3432 eidem
1664 3384 1924 3446 apposito.

324 3461 598 3512 imminent
633 3458 787 3515 lactti,
820 3473 848 3507 a
883 3473 984 3523 qno
1020 3459 1239 3509 millibus
1274 3473 1389 3525 pes·
1534 3467 1555 3494 ⁸
1593 3460 1688 3510 Ubi
1741 3461 1947 3510 mua-im
1983 3465 2165 3511 montes
2223 3461 2536 3530 Cononem·

327 3552 480 3587 snum
503 3544 728 3601 quatuor
761 3536 922 3586 distat
944 3537 1253 3586 Vulturnum
1279 3551 1393 3586 ver·
1477 3537 1774 3588 Trasimenus
1810 3536 1964 3601 subit]
2021 3538 2085 3588 Id
2120 3545 2224 3598 est,
2260 3552 2362 3602 qus
2384 3547 2536 3602 perte

329 3631 441 3666 sus:
477 3629 666 3664 nomen
701 3612 871 3663 adhuc
910 3615 1120 3677 retinet,
1143 3623 1394 3679 paretque
1473 3614 1804 3664 Trasimenus
1835 3615 2098 3665 montibus
2122 3612 2534 3664 (tertonensibus

328 3706 518 3757 magno
545 3691 750 3741 'rusciae
790 3691 958 3741 Ducit
993 3691 1214 3741 Veteres
1249 3692 1395 3743 Cori·
1474 3707 1626 3757 qnam
1651 3692 1886 3756 proxime
1910 3692 2173 3755 subjectus
2195 3699 2293 3741 est.
2350 3690 2535 3740 Manu·

330 3779 443 3820 tnm
466 3769 826 3833 appellabant,
847 3782 973 3832 quos
993 3779 1205 3819 secutus
1224 3768 1397 3833 Virgi-
1475 3770 1657 3833 scripti
1673 3768 1885 3826 liabent,
1899 3766 1982 3817 ubi
1996 3766 2202 3817 maxime
2220 3773 2397 3817 montes
2416 3769 2539 3817 Cor·

331 3848 449 3898 lius.
1474 3850 1687 3895 tenentes
1707 3846 1761 3894 in
1787 3844 2153 3902 Trasimenum3
2186 3845 2343 3909 idque
2365 3859 2423 3894 se
2445 3860 2538 3895 ex·

395 3931 418 3959 ¹'
447 3923 863 3986 fissit-ennam
885 3921 1060 3986 hum]
1090 3922 1270 3972 Medio
1293 3920 1392 3974 fer·
1479 3924 1675 3987 plicare
1724 3922 1801 3972 sit
1843 3922 2074 3972 Gronov.
2117 3934 2196 3972 tv.
2254 3921 2536 3973 Observst.

329 4016 416 4053 me
458 4001 601 4050 inter
644 3999 883 4063 paludem
920 3998 1183 4048 Clusinum
1214 3998 1393 4064 (quam
1478 4004 1561 4050 1⁶.

331 4073 812 4143 permeat'Clanis)
848 4081 904 4123 et
939 4073 1167 4124 Tiberim
1207 4077 1394 4139 spatio,
1540 4077 1557 4110 ί
1591 4071 1918 4139 Insperato]
1976 4072 2360 4123 Adverbisliter
2409 4073 2536 4124 dici·

334 4153 596 4205 montibus
626 4151 851 4216 undique
880 4151 1108 4215 cingitur
1131 4152 1211 4202 hic
1236 4152 1393 4216 lacus,
1477 4162 1582 4206 tur.
1650 4153 1789 4203 Alias
1824 4153 1901 4201 sie
1924 4153 2262 4217 expresseris,
2298 4166 2413 4202 eum
2435 4152 2539 4202 iter

333 4244 474 4281 nunc
520 4242 552 4279 a
600 4229 822 4279 Perusia
873 4226 1134 4279 Pontificii
1187 4229 1398 4280 dominii
1477 4229 1758 4296 premissis
1814 4228 1880 4279 de
1934 4243 2076 4284 more
2120 4228 2534 4295 speculatoribus

336 4306 484 4367 urbe,
519 4321 633 4373 quae
658 4305 724 4357 sd
757 4313 932 4356 ortum
958 4313 1064 4370 est,
1089 4307 1242 4372 vulgo
1262 4307 1399 4371 Lego
1476 4323 1582 4360 non
1605 4307 1949 4374 explorasset.
